3294 5118
604 301 749 357 TIBULLI
767 303 834 358 LlB.
854 304 887 356 ΙΙ.
908 308 931 358 6.

338 464 433 529 Nunc
455 485 570 548 precor
593 464 634 528 ad
657 466 769 530 laudes
792 466 920 530 flectere
944 465 1045 529 uerba
1067 468 1151 532 tuas.

243 588 258 636 a
294 570 368 654 Ipse
389 571 581 656 triumphali
605 571 772 637 deuinctus
796 577 945 657 tempora
967 573 1071 657 laute,

338 676 425 741 Dum
448 678 613 744 cumulant
636 701 720 765 aras,
738 680 779 745 ad
802 683 860 744 tua
883 702 975 745 sacra
997 680 1081 764 ueni3

294 783 338 848 Et
360 784 483 848 nitidus
506 784 702 870 pulcherque
717 787 813 854 ueni:
836 808 922 851 nunc
945 786 1041 850 indue
1065 789 1188 850 uestem

340 889 534 975 Seponitam,
557 891 673 976 longas
697 915 782 957 nunc
805 892 888 956 bene
910 896 1003 975 pecte
1026 914 1150 958 comas:

295 995 390 1072 Quali
412 1001 446 1062 te
469 1004 660 1085 memorant,
683 998 823 1066 Saturno
842 1021 917 1087 rege
941 1000 1065 1085 fugato,

220 1120 253 1167 10
335 1103 462 1169 Uictori
485 1105 596 1170 laudes
620 1107 821 1176 concinuisse
844 1107 924 1173 Ioui.

295 1210 344 1275 Tu
367 1212 481 1295 procul
505 1216 661 1278 euentura
684 1214 785 1292 uides,
809 1214 870 1279 tibi
894 1214 1018 1278 deditus
1044 1235 1147 1299 augur

339 1315 407 1383 Scit
430 1320 512 1404 hene
536 1321 612 1404 quid
635 1319 697 1384 fati
719 1320 857 1403 prouida
879 1324 990 1386 cantet
1013 1321 1092 1405 auis,

295 1424 406 1510 Tuque
429 1428 516 1514 regis
540 1431 653 1511 sortes,
676 1449 734 1511 per
756 1431 789 1491 te
813 1425 992 1510 praesentit
1015 1448 1161 1511 aruspex,

338 1532 476 1599 Lubrica
500 1535 644 1620 signauit
667 1556 739 1599 cum
764 1533 841 1598 deus
866 1536 939 1598 exta
961 1533 1062 1616 notis,

225 1657 257 1704 15
294 1641 340 1705 Te
363 1641 443 1706 duce
466 1641 632 1707 Romanos
656 1663 835 1725 numquam
857 1639 1014 1705 frustrata
1037 1636 1162 1724 Sibylla

340 1747 462 1813 Abdita
485 1771 566 1833 quae
591 1749 677 1813 senis
700 1748 769 1812 fata
793 1748 882 1812 canit
904 1745 1053 1832 pedibus!

295 1853 436 1941 Phoebe,
460 1876 568 1919 sacras
591 1854 805 1920 Messalinum
829 1855 897 1918 sine
920 1856 1054 1937 tangere
1078 1856 1186 1917 cartas

339 1958 444 2045 Uatis,
469 1966 501 2026 et
524 1963 594 2046 ipse
617 1984 731 2046 precor
754 1961 840 2048 quod
863 1960 952 2025 canit
974 1959 1030 2024 illa
1054 1959 1141 2024 doce.

297 2065 398 2146 [Haec
422 2067 511 2133 dedit
535 2068 671 2133 Aeneae.
686 2071 799 2152 sortes,
823 2070 995 2152 postqwm
1019 2066 1074 2131 ille
1097 2072 1265 2152 parentem

223 2189 257 2236 ae
339 2172 466 2239 Dicitur
489 2179 522 2240 et
544 2178 658 2259 raptos
681 2175 875 2240 sustinuisse
899 2173 1006 2258 Lares,

293 2280 361 2345 Nec
383 2282 453 2346 fore
476 2282 629 2347 credebat
650 2282 797 2362 Romam,
820 2305 892 2347 cum
915 2283 1058 2346 maestus
1082 2282 1124 2345 ab
1149 2284 1216 2347 alto

284 2471 285 2476 ἵ
337 2387 421 2453 Ilion
446 2388 595 2454 ardentes
619 2389 857 2473 respiceretque
884 2386 983 2469 deos]

506 2540 523 2578 a
738 2495 756 2534 *
972 2540 989 2579 a

296 2599 452 2666 Romulus
476 2605 627 2666 aeternae
650 2602 793 2700 qondam
816 2602 1016 2668 formauerat
1039 2604 1128 2668 urbis

338 2708 479 2794 Moenia,
502 2709 647 2774 consorti
669 2731 736 2774 non
758 2709 938 2774 habitanda
961 2709 1074 2794 Remo,

225 2831 258 2886 aa
296 2814 357 2881 Sed
380 2820 457 2880 tunc
480 2816 660 2899 pascebant
682 2815 822 2881 herbosa
841 2816 969 2881 Palatia
991 2837 1109 2880 uaccae

337 2921 382 2986 Et
405 2924 539 2988 stabant
561 2923 701 2988 humiles
725 2923 760 2987 in
782 2923 871 2988 Iouis
896 2945 968 2988 arce
993 2945 1096 2988 casae.

293 3029 392 3094 Lacte
416 3029 550 3094 madens
573 3030 641 3094 illic
664 3030 797 3094 suberat
819 3030 889 3094 Pan
911 3030 995 3094 ilicis
1019 3030 1152 3095 umbrae

337 3135 382 3201 nt
404 3136 493 3201 facta
516 3137 637 3222 agresti
661 3137 769 3222 lignea
791 3136 874 3202 falce
897 3135 1001 3222 Palea,

294 3243 520 3328 pendebatque
545 3243 622 3328 uagi
646 3244 787 3327 pastoris
810 3245 845 3308 in
869 3244 983 3310 arbore
1007 3249 1129 3330 uotum,

223 3369 257 3416 ac
339 3351 477 3416 Garrula
500 3350 645 3415 siluestri
667 3351 778 3415 fistula
802 3372 894 3416 sacra
917 3350 986 3434 deo,

293 3455 428 3541 Fistula,
451 3459 502 3522 cui
526 3479 653 3542 semper
676 3457 832 3564 deprescit
855 3457 1020 3521 arundinis
1043 3457 1137 3524 ordo:

276 3704 343 3760 Vm.
364 3724 437 3760 eaor.
474 3710 491 3758 4
509 3705 573 3759 tuas
592 3721 621 3763 ςε
640 3722 717 3760 meas
736 3709 754 3757 0
773 3721 836 3759 mea
854 3703 1050 3758 Lacbmeuaua
1063 3705 1073 3772 l
1088 3709 1102 3758 'l
1118 3704 1154 3758 Et
1168 3705 1279 3773 scripsi:
1296 3703 1350 3759 Sed

205 3797 224 3845 0
241 3795 412 3863 {pulccrque
431 3796 504 3863 AVss
521 3801 537 3848 9
558 3794 641 3860 Quali
658 3796 768 3863 scripsi:
793 3793 911 3860 Qualem
930 3795 977 3862 011
997 3799 1029 3846 11
1053 3792 1164 3848 deditus
1183 3807 1212 3850 ςε
1237 3793 1350 3848 debitus

205 3885 297 3950 01113
314 3883 454 3954 haruspex
472 3887 494 3935 (t
512 3888 536 3938 et
554 3886 577 3934 V
591 3901 624 3938 m.
642 3886 729 3953 21115
744 3882 838 3938 sibilla
851 3885 902 3934 AV
918 3885 921 3949 l
939 3884 982 3936 est
1001 3883 1064 3937 add.
1084 3882 1168 3952 calpe
1181 3884 1191 3949 ΙΙ
1207 3889 1238 3938 17
1258 3885 1350 3937 cartes

205 3973 255 4022 AV
272 3989 307 4026 m.
328 3979 342 4026 1
362 3973 474 4027 chartas
494 3978 516 4025 G
534 3974 567 4042 (V
585 3991 619 4026 m.
641 3975 669 4041 2)
689 3974 698 4042 fl
717 3975 750 4025 18
773 3971 849 4040 quod
873 3986 902 4028 ςε
926 3989 996 4040 quos
1015 3975 1034 4023 0
1053 3971 1121 4040 quid
1140 3985 1156 4027 ς
1175 3970 1242 4039 quoi
1260 3970 1290 4025 J.
1310 3969 1349 4024 H.

210 4059 322 4114 Vossius
337 4061 341 4132 t
358 4061 435 4116 canit
452 4067 487 4115 G:
506 4062 590 4115 canat
607 4063 658 4112 AV
671 4062 680 4129 ΙΙ
697 4066 798 4114 19--22
818 4067 849 4114 at
867 4062 1045 4129 iuterpretatur
1063 4059 1186 4129 inclusit}
1200 4065 1234 4114 20
1253 4063 1349 4130 raptos

204 4164 234 4207 5:
254 4152 384 4220 captos0
402 4153 406 4219 Ι
423 4148 605 4204 substinuisse
623 4153 646 4200 V
658 4150 668 4216 ΙΙ
682 4154 715 4202 21
734 4147 794 4220 Hec
813 4145 880 4203 fore*
892 4154 913 4201 fl
927 4149 937 4218 ΙΙ
951 4154 984 4202 22
1004 4147 1090 4202 Ylion
1108 4152 1158 4201 AV
1174 4150 1178 4216 Ι
1194 4149 1258 4215 fort.
1278 4164 1349 4218 resp.

204 4237 302 4293 domos
320 4240 436 4307 'thielae
452 4239 534 4307 sipara
552 4255 571 4292 a
588 4254 628 4291 me
647 4238 742 4305 posita
763 4237 808 4290 bic
825 4242 856 4290 at
874 4236 953 4303 infra
972 4238 1087 4292 lacunas
1106 4238 1140 4292 ab
1158 4238 1219 4306 ipae
1239 4237 1350 4291 Tibullo

204 4328 314 4382 relictus
335 4329 495 4397 eipaificomt
516 4328 526 4396 ΙΙ
548 4333 582 4380 23
609 4325 783 4380 formauerat
805 4329 838 4379 0:
860 4325 1023 4380 firmauerat
1044 4327 1089 4380 uel
1110 4325 1279 4380 fundauerat
1301 4340 1318 4382 ς
1341 4329 1349 4398 γζ

205 4421 239 4470 30
263 4415 369 4471 Garule
390 4422 420 4487 G,
439 4433 508 4472 corr.
527 4434 546 4482 g
562 4417 566 4489 Ι
583 4431 674 4484 saera,
694 4433 706 4469 s
726 4420 750 4470 ct
768 4433 782 4468 r
799 4432 833 4470 erc
851 4432 920 4472 corr.
940 4418 984 4486 (aa
1001 4415 1078 4470 facta
1096 4416 1120 4486 t)
1140 4418 1161 4466 G

670 4602 701 4651 t
