3294 5118
607 369 754 423 TIBULLI
772 370 839 426 LlB.
859 372 879 424 Ι.
900 378 924 427 7.

215 547 251 596 2ο
332 530 441 593 Prima
464 533 568 593 ratem
591 531 696 595 uentis
720 533 847 598 credere
871 534 966 600 docta
989 535 1103 619 Tyros,

288 637 399 713 Qualis
424 639 464 719 et,
488 639 615 700 arentes
640 660 712 702 oum
734 639 830 703 findit
853 639 954 705 Sirius
980 659 1085 727 agros,

331 741 461 806 Fertilis
485 743 611 808 aestiua
633 744 727 810 Nilus
753 747 895 812 abundet
919 750 1024 833 aqua?

288 847 363 913 Nile
386 853 490 933 pater,
512 872 652 935 quanam
676 874 809 936 possum
833 858 865 918 te
889 855 993 920 dicere
1017 877 1113 921 causa
1220 843 1223 848 ¹

332 955 399 1020 Aut
423 958 538 1042 quibus
562 959 714 1024 interris
738 961 913 1025 occuluisse
938 963 1055 1046 caput?

217 1079 250 1128 25
289 1063 334 1127 Te
357 1068 491 1148 propter
513 1065 621 1130 nullos
645 1067 740 1130 tellus
764 1070 822 1131 tua
840 1069 986 1151 postulat
1009 1070 1139 1153 imbres,

333 1169 435 1234 Arida
456 1193 517 1236 neo
540 1172 655 1237 Pluuio
680 1174 844 1256 supplicat
866 1174 968 1240 herba
991 1174 1070 1240 Ioui.

288 1277 334 1340 Te
358 1279 447 1342 canit
470 1283 566 1362 atque
591 1301 683 1342 suum
706 1281 807 1363 pubes
830 1281 968 1346 miratur
992 1281 1111 1347 Osirim

332 1384 485 1467 Barbara,
513 1384 714 1466 Memphiten
737 1387 892 1472 plangere
916 1388 1011 1452 docta
1034 1390 1159 1456 bouem.

286 1490 413 1556 Primus
438 1495 547 1555 aratra
570 1513 668 1555 manu
691 1493 814 1557 sollerti
838 1493 914 1558 fecit
938 1494 1040 1560 Osiris

212 1615 246 1662 30
322 1597 366 1662 Et
388 1603 533 1664 teneram
556 1598 641 1662 ferro
665 1599 854 1665 sollicitauit
876 1601 1019 1687 humum,

288 1703 415 1769 Primus
438 1706 622 1789 inexpertae
646 1705 809 1771 commisit
834 1709 956 1773 semina
980 1714 1086 1776 terrae

333 1812 496 1896 Pomaque
518 1834 585 1876 non
607 1813 695 1878 notis
719 1813 800 1898 legit
823 1815 864 1878 ab
889 1817 1068 1882 arboribus.

288 1918 350 1982 Hic
374 1918 484 1985 docuit
506 1923 651 1984 teneram
673 1919 757 2002 palis
782 1921 955 2006 adiungere
979 1923 1089 2008 uitem,

332 2026 393 2090 Hic
417 2027 553 2091 uiridem
577 2027 656 2091 dura
679 2026 809 2092 caedere
832 2028 914 2092 falce
940 2051 1080 2114 comam3

216 2148 250 2197 35
287 2133 339 2197 llli
362 2133 517 2198 iocundos
540 2133 681 2217 primum
704 2136 832 2198 matura
855 2157 987 2218 sapores

332 2240 495 2324 Expressa
518 2239 649 2304 incultis
668 2263 732 2304 uua
755 2241 843 2305 dedit
865 2242 1010 2325 pedibus.

287 2347 347 2411 Ille
371 2347 478 2432 liquor
502 2345 612 2411 docuit
635 2367 731 2411 uoces
754 2347 915 2412 inflectere
935 2351 1042 2432 cantu,

333 2455 439 2519 Mouit
462 2457 494 2518 et
518 2453 559 2518 ad
582 2455 688 2518 certos
711 2454 820 2518 nescia
843 2455 989 2519 membra
1012 2455 1139 2538 modos,

289 2561 437 2625 Bacchus
463 2564 495 2624 et
518 2560 679 2645 agricolae
703 2581 822 2644 magno
846 2562 994 2626 confecta
1017 2561 1129 2627 labore

218 2681 251 2731 40
332 2667 470 2733 Pectora
492 2667 646 2732 tristitiae
669 2666 875 2732 dissoluenda
898 2668 993 2732 dedit.

289 2774 434 2838 Bacchus
459 2777 491 2838 et
514 2773 645 2838 afflictis
668 2773 811 2859 requiem
835 2775 1027 2840 mortalibus
1052 2775 1153 2861 affert,

333 2878 436 2945 Crura
458 2880 536 2944 licet
560 2878 639 2943 dura
661 2878 814 2962 compede
837 2881 932 2963 pulsa
956 2885 1079 2945 sonent.

288 2987 363 3052 Non
386 2988 448 3052 tibi
472 2989 548 3051 sunt
571 2987 680 3049 tristes
705 3007 799 3050 curae
823 3007 882 3050 neo
906 2987 1018 3071 luctus,
1042 2986 1139 3072 Osiri,

333 3091 396 3157 Sed
413 3093 535 3168 ¹chorus
560 3095 593 3157 et
616 3094 729 3159 cantus
754 3096 787 3157 et
810 3092 892 3156 leuis
912 3096 1006 3177 aptus
1031 3116 1131 3178 amor,

217 3214 251 3262 45
289 3197 351 3263 Sed
375 3200 456 3264 uarii
479 3199 575 3264 fiores
599 3201 632 3264 et
654 3198 744 3264 frons
769 3199 921 3264 redimita
945 3202 1117 3287 corymbis,
1156 3249 1160 3257 .

332 3305 418 3370 Fusa
441 3306 497 3370 sed
521 3305 561 3369 ad
584 3309 712 3370 teneros
735 3306 824 3371 lutea
840 3308 934 3390 'palla
956 3308 1054 3390 pedes

287 3411 333 3476 Et
356 3413 473 3497 Tyriae
497 3416 613 3497 uestes,
637 3417 686 3477 set
710 3413 795 3476 dulci
817 3413 900 3478 tibia
923 3417 1021 3478 cantu

199 3551 412 3565 ——n-b-———

271 3605 381 3660 Tasrru.
420 3612 533 3660 29-32
554 3605 635 3662 affert
653 3605 807 3661 scholiasta
824 3606 964 3660 quenalis
983 3607 1019 3660 ad
1038 3609 1090 3664 sat.
1116 3607 1182 3662 VIII
1201 3604 1244 3665 22.

271 3784 339 3840 Vra.
359 3804 432 3840 naor.
470 3790 505 3838 20
524 3783 600 3838 dicta
619 3801 637 3850 g
650 3786 660 3854 ΙΙ
674 3789 706 3838 21
727 3783 816 3852 syrius
831 3789 878 3836 GV
893 3787 902 3854 ΙΙ
916 3791 950 3838 22
964 3785 1109 3840 habundet
1122 3790 1145 3836 V
1161 3789 1165 3855 Ι
1181 3801 1295 3856 possum
1310 3794 1344 3842 G:

199 3873 302 3940 possim
320 3876 371 3924 AV
388 3873 398 3941 ΙΙ
417 3879 449 3926 27
470 3877 541 3942 puto
559 3875 639 3926 tuum
655 3876 659 3940 f
676 3871 779 3940 osyrim
798 3877 816 3924 0
835 3874 845 3942 ΙΙ
866 3877 899 3926 28
924 3872 1134 3943 memphite{n
1158 3877 1228 3944 (erat
1249 3877 1288 3944 m)
1308 3881 1342 3931 G:

199 3961 383 4030 memphitem
402 3966 452 4013 AV
469 3964 472 4030 Ι
489 3967 522 4016 29
543 3963 667 4016 aratrum
689 3962 769 4017 schol.
790 3962 857 4016 Iun.
876 3965 879 4029 l
896 3961 993 4017 solerti
1012 3967 1031 4014 0
1049 3964 1130 4018 schol.
1152 3964 1218 4018 Iun.
1236 3966 1239 4032 Ι
1256 3951 1345 4034 osyris

201 4056 219 4103 0
242 4052 252 4120 ΙΙ
274 4058 308 4106 30
326 4052 465 4122 teneram]
486 4050 607 4106 cinerem
625 4052 704 4106 schol,
724 4052 792 4107 Iua.
815 4052 824 4121 ΙΙ
845 4057 877 4104 31
902 4049 979 4120 prius
998 4051 1068 4104 idem
1089 4051 1099 4120 11
1122 4059 1155 4106 32
1175 4053 1223 4123 ab]
1249 4054 1278 4107 in
1298 4058 1319 4105 0
1339 4055 1346 4124 ll

202 4146 236 4194 35
254 4141 390 4196 iocundos
407 4142 468 4196 hob.
488 4139 579 4207 Fris.;
598 4146 623 4194 ct
640 4141 682 4196 ito
700 4145 763 4196 AV:
782 4140 918 4195 iucundos
937 4144 955 4192 0
979 4142 989 4210 ΙΙ
1012 4146 1044 4194 41
1070 4142 1132 4197 bat.
1151 4140 1238 4208 Frc's,
1256 4145 1298 4196 ata
1315 4148 1348 4196 ut

200 4228 268 4284 affer
286 4230 439 4299 praebcant
456 4232 466 4300 ΙΙ
485 4235 519 4283 42
543 4229 676 4299 compede
700 4231 792 4298 (omps
816 4246 849 4284 erc
872 4229 954 4297 corr.)
979 4234 1013 4283 G:
1038 4229 1152 4298 cuspide
1171 4234 1221 4281 AV
1246 4235 1271 4284 ct
1287 4231 1347 4284 sine

201 4317 284 4372 dubio
304 4322 325 4369 0
342 4319 493 4386 privatius!
509 4318 591 4388 pulsa
610 4323 642 4372 0:
662 4334 758 4387 pressa
776 4318 821 4372 uel
838 4316 933 4372 uincta
952 4320 992 4388 ςΙΙ
1011 4325 1044 4372 43
1064 4319 1139 4388 osyri
1158 4321 1256 4389 01145
1275 4318 1348 4372 redi·

201 4405 272 4461 mIta
291 4406 422 4464 corimbis
440 4407 504 4462 tob.
523 4406 614 4473 Fris.;
634 4404 786 4460 chorimbis
800 4410 850 4457 AV
863 4408 873 4476 u
886 4413 920 4460 47
936 4409 979 4462 set
992 4409 1104 4478 scripsi:
1124 4410 1152 4462 et
1167 4413 1185 4460 0
1202 4410 1206 4476 Ι
1223 4407 1299 4462 dulci
1313 4413 1347 4462 d:

200 4495 290 4550 dulcis
309 4500 359 4549 AV
