3294 5118
619 352 763 406 TIBULLI
781 354 848 408 LIB.
867 355 901 409 ΙΙ.
922 362 945 410 1.

298 517 373 601 ipse
397 515 544 600 interque
568 536 683 601 greges
706 517 855 602 interque
879 523 1026 584 armenta
1050 520 1175 604 Cupido

342 621 447 687 Natus
472 625 505 686 et
526 621 699 688 indomitas
723 623 840 688 dicitur
862 625 947 689 inter
970 649 1078 711 equas.

298 731 370 796 Illic
393 729 524 794 indocto
547 730 688 814 primum
711 753 744 796 se
768 733 912 797 exercuit
935 755 1024 798 arcu:

228 857 261 904 70
341 837 384 902 Ei
407 837 499 920 mihi,
521 859 617 921 quam
641 836 753 903 doctas
776 861 861 904 nunc
883 839 983 905 habet
1005 841 1059 906 ille
1083 842 1212 906 manus!

297 944 366 1010 Nec
385 944 532 1028 pecudes,
556 944 646 1008 uelut
669 947 754 1029 ante,
776 947 873 1028 petit:
896 946 1006 1011 fixisse
1030 948 1154 1031 puellas

342 1049 448 1118 Gestit
470 1053 503 1115 et
526 1053 650 1116 atroces
675 1052 896 1135 perdomuisse
920 1054 1024 1137 uiros3

298 1158 360 1223 Hic
383 1158 493 1222 iuueni
517 1159 656 1223 detraxit
679 1181 766 1243 opes,
788 1159 842 1224 hic
866 1159 970 1225 dicere
993 1161 1089 1225 iussit

342 1263 455 1330 Limen
479 1265 519 1329 ad
541 1265 644 1330 iratae
667 1267 768 1331 uerba
789 1268 940 1350 pudenda
962 1289 1081 1352 senem,

228 1391 260 1438 75
297 1372 369 1437 Hoc
392 1372 471 1436 duce
495 1372 644 1438 custodes
667 1372 780 1437 furtim
802 1377 1009 1459 transgressa
1031 1375 1172 1440 iacentes

341 1478 391 1543 Ad
416 1479 564 1544 iuuenem
587 1479 622 1544 in
645 1480 788 1546 tenebris
812 1481 882 1546 sola
903 1481 1012 1566 puella
1035 1482 1125 1545 uemt

296 1586 341 1652 Et
363 1586 499 1674 pedibus
523 1589 708 1671 praetentat
731 1587 792 1650 iter
816 1609 973 1671 suspensa
996 1588 1123 1671 timore,

341 1692 500 1779 Explorat
521 1715 633 1758 caecas
658 1693 734 1757 dum
758 1716 874 1758 manus
899 1697 972 1758 ante
996 1693 1076 1759 uias.

296 1802 326 1866 A
348 1800 468 1884 miseri,
491 1820 572 1884 quos
595 1801 649 1866 hic
672 1800 816 1886 grauiter
839 1801 917 1866 deus
940 1801 1046 1886 urget!
1071 1804 1105 1864 at
1128 1800 1183 1864 ille

225 1926 260 1974 80
341 1906 441 1991 Felix,
464 1909 515 1972 cui
538 1908 682 1990 placidus
705 1908 821 1972 leniter
845 1908 935 1972 afflat
957 1907 1068 1972 Amor.
1147 1888 1163 1916 ⁸

297 2013 423 2098 Sancte,
446 2014 520 2078 ueni
544 2013 679 2098 dapibus
704 2014 807 2099 festia,
830 2014 886 2078 sed
908 2036 994 2098 pone
1018 2014 1156 2099 sagittas

340 2121 386 2186 Et
407 2121 520 2205 procul
543 2122 691 2186 ardentes
714 2122 791 2186 hinc
813 2144 929 2206 precor
952 2121 1033 2186 abde
1057 2119 1154 2185 faces.

296 2229 365 2294 Uos
389 2227 546 2292 celebrem
570 2232 699 2293 cantate
722 2229 816 2293 deum
840 2228 1010 2312 pecorique
1033 2231 1146 2292 uocate

307 2403 309 2410 ,
340 2335 440 2401 Uoce:
464 2336 575 2419 palam
597 2336 716 2421 pecori,
739 2336 821 2400 clam
846 2336 910 2400 sibi
933 2335 1067 2418 quisquc
1091 2338 1192 2398 uocet.

225 2459 258 2508 80
295 2442 363 2507 Aut
386 2443 486 2508 etiam
509 2442 572 2508 sibi
596 2443 732 2529 quisque
755 2444 878 2527 palam:
901 2464 978 2506 nam
1000 2441 1097 2505 turba
1119 2440 1229 2505 iocosa

341 2549 510 2634 Obstrepit
533 2553 566 2614 et
588 2550 732 2636 Phrygio
756 2551 839 2616 tibia
861 2572 960 2615 curua
984 2570 1071 2612 sono.

294 2656 424 2721 Ludite:
447 2657 513 2721 iam
536 2655 610 2722 Nox
633 2658 739 2743 iungit
762 2679 870 2743 equos,
893 2676 1084 2737 currumque
1108 2657 1285 2738 sequuntur

338 2763 454 2828 Matris
477 2764 600 2830 lasciuo
624 2765 731 2830 sidera
753 2765 843 2829 fulua
866 2764 975 2846 choro,

294 2870 437 2954 Postque
460 2869 551 2936 uenit
573 2872 692 2936 tacitus
715 2871 818 2935 furuis
840 2868 1056 2936 circumdatus
1076 2867 1137 2931 alis

224 2995 258 3043 00
336 2977 473 3042 Somnus
497 2981 529 3043 et
551 2978 675 3043 incerto
700 2975 834 3043 Somnia
855 2977 949 3061 nigra
972 2975 1062 3059 pede.

277 3171 343 3226 Vm.
363 3190 436 3225 mor.
475 3178 507 3226 67
518 3173 581 3241 Ipse
591 3171 719 3240 interque
729 3173 874 3240 gregesd:
890 3169 952 3239 Ipse
962 3184 1072 3238 quoque
1082 3167 1156 3224 inter
1165 3167 1351 3237 agrosAIpse

206 3277 317 3330 quoque
330 3261 404 3314 inter
421 3277 521 3331 greges
538 3265 561 3312 V
570 3278 603 3316 m.
617 3263 793 3330 1100080000.
809 3260 872 3328 Ipse
882 3276 965 3329 agros
979 3258 1053 3312 inter
1062 3258 1241 3328 gregesque);
1255 3257 1276 3311 1.
1292 3274 1317 3324 q.
1332 3256 1350 3312 i.

206 3401 289 3454 apros
298 3384 333 3441 R.
344 3385 472 3439 Klotzios
483 3385 514 3437 iu
523 3383 654 3438 Flectec'a
665 3400 731 3438 anu.
743 3389 820 3452 1869,
831 3401 862 3452 p.
873 3389 924 3437 794
938 3385 948 3451 11
962 3386 995 3436 08
1007 3357 1091 3450 'equis
1110 3384 1132 3432 (9
1149 3383 1159 3450 11
1178 3386 1211 3434 70
1230 3379 1284 3435 Hei
1302 3383 1351 3431 GV

205 3473 266 3542 Hey
284 3476 377 3542 Δ1172
397 3474 505 3528 atroces
524 3474 636 3541 compsi:
656 3473 777 3527 audaces
797 3475 886 3542 0173
906 3488 973 3542 opes
992 3492 1023 3540 g:
1044 3488 1114 3540 opus
1134 3472 1225 3538 0174
1242 3469 1350 3522 Limam

206 3564 298 3630 8170
317 3561 347 3616 in
365 3565 399 3616 G:
419 3578 468 3616 om.
488 3566 539 3614 AV
552 3564 561 3631 11
576 3568 609 3618 78
629 3561 695 3616 dum
715 3563 769 3631 (oct
787 3564 826 3629 et)
845 3561 985 3632 Hcynios:
1005 3559 1049 3614 cui
1069 3561 1159 3628 01179
1180 3559 1223 3612 Ah
1242 3562 1292 3609 GV
1307 3557 1351 3610 Ha
1373 3589 1377 3610 ,

196 3655 228 3702 ·A
250 3652 260 3720 11
283 3656 314 3705 81
335 3651 456 3706 fessisG
478 3655 487 3720 1
510 3657 543 3706 83
563 3653 663 3707 nocete
682 3655 705 3702 V
722 3669 756 3704 m.
777 3657 791 3705 1
815 3651 825 3720 1
847 3655 881 3705 86
905 3649 988 3719 frigio
1007 3652 1058 3700 AV
1080 3650 1090 3717 1
1113 3653 1146 3702 88
1166 3647 1252 3701 choro
1271 3649 1292 3697 9
1315 3649 1351 3714 (ct

205 3744 228 3791 V
251 3758 284 3794 m.
309 3742 349 3809 2):
372 3741 454 3794 thoro
478 3744 529 3792 AV
547 3758 581 3794 m.
607 3742 649 3809 111
668 3744 711 3810 89,
730 3746 765 3794 90
786 3740 849 3795 cac.
876 3739 942 3793 Por.
960 3739 964 3807 1
980 3735 1099 3792 Accedit
1119 3735 1222 3789 tacitus
1244 3735 1350 3804 (tacitis

204 3867 232 3933 ιι)
254 3864 321 3920 Por.
340 3831 454 3933 {tacitis
477 3867 499 3915 (t
519 3865 523 3932 1
543 3863 631 3918 furuis
654 3867 689 3916 G:
714 3838 798 3918 fuluis
817 3867 867 3915 AV
892 3863 960 3918 Par.
981 3864 985 3935 1
1007 3860 1184 3917 circnndatus
1207 3865 1230 3912 V
1255 3860 1323 3916 Par.
1345 3859 1348 3931 1

205 3954 278 4009 halis
297 3955 390 4022 71199
409 3951 491 4022 nigra
509 3955 528 4004 0
550 3953 631 4009 Pan:
650 3969 725 4007 uana
744 3967 760 4010 ς
778 3953 860 4022 pigra
878 3952 1012 4007 Heinsius

672 4187 884 4194 ——-—--—-—-—--
