3316 5114
286 299 377 360 111111
624 280 631 292 ’
714 306 1011 366 1110111101111111,

351 468 437 534 ‘Sed
465 469 596 534 tandem
624 471 722 534 finem
750 469 918 553 praefandi
946 470 1111 535 faciamus.
1157 471 1307 535 fruantur
1337 473 1432 536 nouis

285 594 368 661 quae
396 577 558 640 offerimus
581 578 676 641 bonis
700 576 903 642 Tibullianae
932 578 1040 660 poesis
1070 581 1231 642 amatores
1257 576 1432 661 prudentes

287 670 319 754 et
343 683 449 768 aequi,
482 706 558 748 nam
581 705 684 769 neque
709 684 827 748 sciolos
851 706 1000 748 curamus
1025 688 1058 749 et
1081 684 1432 749 contemnimus-cimi-

285 810 337 852 ces
361 790 441 854 istos
465 789 656 873 litterarius,
688 790 743 873 qui
766 790 809 853 ob
834 791 999 873 propriam
1023 793 1246 873 paupertatem
1270 790 1432 855 beatiores

286 894 379 959 dente
402 896 511 960 inuido
535 897 695 961 adrodunt
718 898 751 961 in
774 897 917 960 censuris
942 897 1125 979 anonymis.

374 1000 502 1066 Dabam
525 1003 621 1068 lenae
645 1003 718 1068 Kal.
743 1002 919 1088 Septembr.
944 1027 972 1068 a.
997 1005 1092 1068 1877.

698 1155 716 1194 ik
850 1113 867 1151 *
1003 1153 1020 1191 =t

374 1215 487 1280 Subito
512 1215 589 1280 Iena
612 1215 812 1301 Groningam
835 1220 968 1281 uocatus
991 1238 1064 1281 cum
1087 1218 1171 1282 inter
1195 1219 1321 1302 turbas,
1349 1242 1431 1304 quae

285 1324 385 1386 talem
408 1323 636 1407 migrationem
664 1325 696 1388 et
719 1323 910 1406 praecedere
939 1326 972 1387 et
995 1325 1085 1409 sequi
1109 1324 1228 1409 solent,
1261 1325 1431 1391 schedulas

286 1430 468 1514 corrigendi
496 1452 628 1495 munere
657 1435 810 1514 exparte
838 1432 959 1515 raptim.
982 1430 1112 1496 functus
1137 1433 1212 1516 sim,
1243 1453 1330 1497 nunc
1353 1454 1432 1497 non·

285 1537 375 1600 nulla
397 1536 501 1601 habeo
527 1535 681 1600 addenda.

374 1643 390 1706 l
416 1645 470 1727 10,
496 1643 537 1707 15
562 1642 700 1707 ‘aluistis
725 1646 758 1708 et
781 1643 889 1708 iidem'
913 1661 944 1725 g.

375 1749 407 1813 ΙΙ
435 1753 465 1833 1,
492 1753 530 1814 17
556 1749 718 1836 ‘agrestis'
742 1749 767 1816 (l
789 1751 897 1816 habet.

374 1855 407 1919 ll
433 1859 465 1940 1,
488 1858 531 1920 49
555 1857 590 1921 in
618 1879 696 1922 uoce
722 1857 865 1944 ‘ingerit’
893 1859 1011 1924 iterum
1039 1858 1148 1924 codice
1171 1855 1196 1922 G
1223 1858 1369 1942 inspecto
1396 1857 1430 1922 ‘i'

446 1985 483 2027 ex
508 1963 549 2028 ‘a'
574 1966 752 2029 correctum
777 1987 846 2029 esse
871 1965 1029 2048 apparuit.

373 2067 405 2131 ll
429 2071 463 2152 2,
487 2070 507 2133 5
530 2070 621 2134 foede
646 2072 751 2134 erraui
774 2072 808 2134 in
832 2072 1042 2136 adnotatione
1066 2071 1190 2154 critica,
1213 2069 1333 2136 namt}
1357 2092 1429 2135 cum

443 2175 502 2240 AV
524 2177 624 2241 habet
646 2175 772 2261 ‘genius
796 2177 901 2262 assit',
928 2177 1193 2261 transpositionis
1217 2177 1312 2262 signa
1334 2194 1369 2263 g,
1394 2183 1430 2242 ut

443 2283 585 2365 uidetur,
610 2283 792 2347 collocauit.
841 2327 847 2333 ,

372 2389 403 2454 ll
427 2391 462 2474 5,
485 2391 527 2453 47
552 2389 643 2453 ‘mihi
667 2390 757 2473 lucen
780 2390 882 2455 lucet'
906 2388 939 2455 G.

243 2519 246 2524 ·
372 2496 404 2561 ll
423 2498 452 2579 6,
474 2497 514 2561 15
532 2497 604 2581 lege
619 2496 714 2562 ‘Acer
726 2495 853 2581 Amcr',
873 2499 919 2562 sic
934 2499 1019 2562 enim
1034 2495 1115 2584 (non
1127 2497 1269 2585 ‘Asper')
1282 2495 1304 2562 0
1317 2496 1427 2562 habet.

373 2603 472 2688 Lygd.
497 2605 530 2687 3,
557 2605 597 2667 10
621 2603 751 2668 ‘lethea'
775 2602 800 2668 G
822 2627 949 2689 quoque
973 2604 1113 2670 exhibet.

373 2710 472 2795 Lygd.
497 2712 531 2793 3,
555 2712 596 2775 27
622 2710 691 2794 ‘pro
715 2704 821 2775 reditu
845 2710 998 2777 dulci'aell.

373 2817 472 2902 Lygd.
495 2819 530 2900 4,
553 2818 596 2882 93
625 2816 650 2882 (t
675 2819 826 2902 primitus
856 2818 969 2902 ‘alios',
1001 2819 1086 2902 quod
1113 2834 1136 2899 g
1162 2817 1197 2881 in
1225 2814 1329 2884 ‘alias'
1358 2839 1427 2882 cor·
1510 2805 1513 2811 ¹

442 2925 539 3007 rexit,
562 2924 715 2991 habuisse
738 2927 875 2992 uidetur.

371 3031 473 3114 Lygd.
498 3033 531 3114 6,
557 3033 596 3095 13
626 3036 755 3118 recepta
779 3032 882 3117 Lipsii
911 3033 1134 3098 emendatione
1163 3035 1195 3097 et
1222 3033 1379 3102 librorum
1403 3031 1428 3097 G

442 3137 518 3202 Par.
545 3139 685 3203 lectione
717 3140 921 3205 scribendum
950 3143 1000 3204 est
1027 3139 1098 3203 ‘llle
1124 3139 1205 3204 facit
1235 3141 1329 3204 mites
1359 3139 1426 3203 ani-

443 3266 512 3308 mos
532 3244 619 3330 dene,
633 3245 697 3308 'ille
716 3244 839 3310 feroces
863 3246 1031 3331 contudit',
1055 3248 1091 3308 ut
1109 3248 1220 3310 tamen
1244 3250 1318 3310 ante
1340 3269 1368 3310 u.
1386 3249 1426 3310 13

442 3352 576 3415 lacunae
602 3355 694 3436 signa
712 3356 884 3436 ponantur.

371 3457 489 3523 PostI
516 3461 548 3541 1,
572 3458 614 3522 32
639 3460 671 3521 et
694 3457 709 3521 I
733 3459 767 3543 2,
791 3458 833 3523 58
858 3460 928 3524 dele
951 3462 1080 3542 puncta.

346 3563 578 3631 'Collectanea
606 3587 677 3628 mea
705 3565 780 3630 dum
807 3566 985 3649 perlustro,
1017 3570 1188 3631 occurrunt
1221 3565 1427 3630 adnotatiun-

282 3672 373 3737 culae
402 3672 440 3736 de
469 3669 593 3737 duobus
621 3676 845 3757 excerptorum
873 3672 1130 3737 Tibullianorum
1158 3672 1337 3754 codicibuS,
1368 3694 1427 3737 ms.

281 3779 432 3844 Leidensi
450 3778 586 3844 Vulcan.
604 3780 647 3843 49
667 3802 749 3844 saec.
768 3778 972 3844 XIII—XIV
991 3781 1024 3842 et
1043 3778 1218 3842 Harleiano
1237 3778 1326 3842 2745
1345 3799 1427 3842 saec.

280 3884 360 3949 XIV
368 3884 475 3951 -Xu
504 3887 558 3971 qui
577 3907 649 3950 cum
667 3909 790 3970 paucos
810 3886 968 3971 quosdam
981 3884 1103 3950 Tibulli
1121 3907 1234 3949 uersus
1254 3883 1429 3948 exhibeant

281 3973 420 4055 manime
444 4014 480 4055 ex
504 3991 581 4056 Pur.
604 3993 805 4076 desumptus,
837 4014 936 4055 unum
961 3992 991 4073 [l
1014 3992 1048 4077 5,
1071 3993 1128 4073 60]
1152 3991 1187 4056 in
1208 3991 1261 4056 his
1285 4013 1351 4056 nou
1376 4012 1427 4053 ex-

281 4102 405 4162 tantem
428 4100 586 4181 praebent
604 4100 667 4164 ita:
692 4099 795 4164 ‘donis
819 4099 962 4163 uincitur
985 4099 1090 4164 omnis
1115 4097 1249 4164 amaus'.
1282 4097 1368 4184 quod
1391 4101 1429 4161 ut

281 4227 395 4270 uerum
418 4210 525 4290 putea,
553 4205 707 4289 prohibet
730 4204 839 4269 Ouidii
863 4207 953 4286 [rem.
977 4229 1038 4271 am.
1061 4207 1141 4286 462]
1166 4205 1306 4269 imitatio
1331 4205 1427 4269 haec:

249 4317 251 4322 ’
282 4313 479 4380 ‘successore
502 4334 587 4378 nouo
611 4311 750 4377 uincitur
774 4311 879 4377 omnis
902 4312 1013 4379 amor'.

370 4421 498 4486 Dabam
522 4420 708 4503 Groningae
732 4419 803 4485 Kal.
826 4421 1003 4487 Nouembr.
1028 4442 1055 4483 a.
1081 4419 1175 4484 1877.
1294 4437 1306 4448 ·
