3294 5118
711 304 855 360 TlBULLI
874 305 940 360 LIB.
960 305 993 359 Il.
1014 310 1037 358 1.

622 1252 809 1348 ALBH
842 1252 1111 1350 TIBULLI

669 1444 802 1509 unns
829 1407 1067 1511 succinus.

857 1805 885 1877 I.

388 1941 541 2028 Quisquis
565 1943 666 2028 adest,
689 1944 813 2008 faueat:
836 1942 945 2028 fruges
968 1944 1144 2009 lustramus
1168 1948 1200 2009 et
1224 1965 1329 2030 ugron,

430 2050 525 2114 Ritus
549 2055 585 2115 ut
609 2073 628 2114 a
650 2051 757 2135 prisco
781 2050 920 2114 traditus
944 2054 1033 2114 extat
1058 2074 1129 2116 uuo.

386 2155 522 2238 Bacche,
546 2158 630 2240 ueni,
653 2157 818 2240 dulcisque
842 2157 907 2220 tuis
931 2179 948 2221 e
972 2158 1124 2223 cornibus
1148 2181 1212 2223 uua

431 2264 585 2349 Pendeat,
609 2268 641 2329 et
664 2265 762 2349 spicis
786 2267 936 2348 tempora
959 2265 1062 2352 cinge,
1086 2265 1190 2331 Ocres.

334 2387 350 2434 5
387 2369 472 2436 Luce
498 2393 589 2436 sucro
612 2372 793 2456 requiescat
814 2371 941 2457 humus,
964 2373 1147 2457 requiescat
1171 2376 1289 2456 arctor,

431 2478 476 2543 Et
500 2498 599 2563 graue
624 2501 779 2563 suspenso
804 2500 933 2543 uomere
957 2483 1062 2544 cesset
1085 2502 1174 2563 opus.

389 2582 513 2648 Soluite
537 2585 646 2648 uincla
669 2571 772 2669 iugis:
795 2607 881 2649 nunc
905 2585 945 2649 ad
968 2586 1138 2669 praesepia
1161 2586 1279 2651 debent

433 2691 534 2756 Plena
558 2695 712 2756 coronato
737 2694 822 2755 stare
845 2692 946 2755 boues
970 2691 1084 2776 cupite.

381 2797 509 2881 ⁸Omnia
533 2800 598 2863 sint
623 2801 757 2881 operatu
781 2798 856 2864 deo:
880 2820 945 2863 non
969 2798 1086 2862 audeat
1109 2798 1176 2862 ulla
1223 2840 1230 2854 ·

324 2921 357 2970 10
437 2904 618 2970 Lanificam
641 2905 749 2989 pensis
773 2904 966 2988 imposuisse
989 2913 1130 2974 munuln.

388 3011 456 3076 Uos
480 3033 608 3096 quoque
632 3012 745 3076 abesse
767 3013 879 3094 procul
902 3012 1007 3096 iubeo,
1030 3013 1175 3078 discedat
1198 3014 1238 3078 ab
1262 3014 1337 3098 aris,

434 3117 494 3183 Oui
517 3119 594 3183 tulit
615 3119 768 3183 hesterna
791 3118 910 3204 gaudia
933 3121 1028 3182 nocte
1051 3119 1173 3186 Uenus·

374 3349 486 3403 Tusum.
523 3349 549 3401 ΙΙ
574 3354 632 3417 1,7
659 3347 744 3401 ‘nunc
767 3347 804 3402 ad
827 3349 985 3417 proecepia'
1011 3348 1104 3403 adfert
1130 3350 1181 3404 sub
1205 3349 1305 3432 Cottae
1334 3347 1446 3402 nomine

301 3441 481 3509 (quamquam
499 3437 577 3492 locus
595 3437 629 3491 dc
649 3436 808 3505 corruptela
831 3439 987 3506 suspectus)
1013 3440 1110 3493 auctor
1132 3440 1271 3494 oculatus
1295 3437 1329 3492 de
1355 3436 1447 3491 dubiis

300 3527 459 3584 nominibus
478 3529 605 3600 [gramm.
625 3526 675 3581 lat.
695 3523 738 3580 ed.
757 3525 829 3580 Keil.
849 3526 874 3580 V
892 3544 919 3595 p.
940 3531 1001 3596 587,
1022 3528 1076 3595 17].

372 3723 440 3776 Vis.
458 3742 531 3777 nscu.
568 3721 646 3777 Albii
664 3721 771 3778 Tibulli
789 3723 859 3791 (tyb.
877 3723 910 3789 Δ)
934 3723 1018 3794 poete
1036 3721 1154 3776 illustris
1177 3722 1250 3777 liber
1272 3723 1379 3793 primus
1400 3743 1446 3781 ex-

300 3812 383 3883 plicit
405 3811 533 3867 feliciter.
570 3812 672 3882 Incipit
693 3812 765 3866 liber
788 3808 925 3865 secundus
949 3809 1009 3879 [lib.
1029 3827 1081 3865 sec.
1101 3827 1151 3866 om.
1171 3817 1207 3881 Δ,
1231 3814 1263 3866 iu
1285 3831 1338 3883 quo
1364 3821 1408 3870 211ε
1429 3835 1447 3869 a

300 3919 335 3958 m.
363 3918 413 3957 rec.
442 3902 518 3970 add]
547 3901 581 3955 de
608 3902 670 3972 agri
691 3901 859 3956 lustratione
884 3901 913 3954 et
940 3916 1042 3954 uenere
1071 3899 1117 3970 [—
1137 3901 1196 3956 rem
1219 3901 1254 3972 Δ]
1283 3902 1443 3960 inuocsndc

302 3993 349 4065 [-
369 3992 433 4046 dum
456 3991 499 4062 A}
537 3990 598 4047 Rcss.
635 3996 685 4043 Av
721 3989 820 4060 Elegia
847 3989 969 4045 secunda
998 3992 1442 4064 (lm.rec.iu21iu.iuterst.l

301 4088 316 4136 1
337 4083 433 4138 faueat
450 4081 585 4150 Scaliqer:
604 4081 732 4135 ualeato
752 4079 818 4134 udos
837 4079 933 4134 faueas
952 4080 1062 4146 Douscu
1081 4080 1176 4134 malim
1188 4081 1285 4135 taceat
1297 4083 1336 4150 113
1353 4084 1447 4139 Bache

300 4174 351 4222 AV
365 4173 374 4241 l
388 4176 476 4224 5-14
494 4171 555 4226 hab.
578 4172 648 4226 Par.
673 4186 735 4224 cum
753 4171 947 4238 inscriptione
978 4169 1007 4223 in
1037 4169 1104 4223 sedo
1135 4169 1247 4238 (libro);
1274 4173 1442 4240 confirmant

300 4259 389 4329 icitur
406 4264 458 4312 AV
477 4261 608 4316 latinum
626 4261 808 4316 testimouium
822 4262 831 4330 ΙΙ
846 4266 861 4315 8
880 4260 987 4314 uertice
1006 4261 1080 4314 sture
1099 4260 1185 4314 boues
1206 4259 1274 4314 Par.
1288 4262 1298 4329 ΙΙ
1317 4267 1332 4316 9
1353 4262 1409 4316 sint
1428 4267 1449 4316 (l

301 4351 337 4418 (ct
354 4337 430 4402 v'm.
449 4349 489 4417 2):
514 4349 579 4403 sunt
601 4355 650 4402 AV
672 4369 707 4408 m.
728 4358 755 4420 1,
782 4350 849 4406 Pur.
862 4351 878 4430 ΙΙ
901 4349 1029 4404 discedat
1054 4352 1072 4398 0
1098 4346 1180 4402 Pau:
1204 4348 1339 4405 discedite
1365 4353 1449 4420 Itali,

302 4439 394 4510 quiet
413 4437 526 4502 Quisu.
546 4441 823 4510 scusswhestcrnc
845 4442 895 4491 Ac
916 4437 999 4493 Pau:
1019 4454 1054 4507 en
1073 4436 1244 4492 hesternav
