3294 5118
297 301 338 366 72
675 296 1053 351 PSEUDOTIBULLIANA.

310 480 343 527 00
379 461 505 526 Fabula
528 461 596 526 siue
620 481 741 524 nouum
765 458 854 522 dedit
874 458 926 522 his
950 457 1112 522 erroribus
1137 457 1257 540 orbem,

382 567 432 632 Sit
454 569 546 633 labor·
569 567 666 649 illius,
689 569 747 630 tua
770 565 847 630 dum
870 565 1031 648 facundia,
1054 564 1166 628 maior.

381 675 450 739 Iam
473 678 506 739 te
530 696 597 739 non
620 673 703 738 alius
727 672 804 736 belli
826 674 915 736 tenet
938 671 1043 754 aptius
1067 675 1162 754 artes,

381 779 451 856 Qua
475 781 588 845 deceat
610 783 715 844 tutam
738 778 853 844 castris
876 777 1070 862 praeducere
1093 777 1225 859 fossam,

383 886 527 963 Qualiter
551 888 703 952 aduersos
726 885 814 950 hosti
837 884 976 968 defigere
1000 905 1128 967 ceruos3

311 1009 344 1057 05
383 992 525 1069 Quemue
548 995 654 1057 locum
679 992 774 1057 ducto
798 992 913 1056 melius
937 991 980 1057 sit
1003 990 1149 1055 claudere
1173 990 1270 1073 uallo,

381 1099 540 1164 Fontibus
564 1104 600 1164 ut
623 1099 730 1163 dulces
755 1102 904 1182 erumpat
926 1103 1013 1163 terra
1035 1098 1175 1181 liquores

382 1204 428 1270 Ut
449 1206 617 1290 facilisque
639 1206 705 1269 tuis
729 1205 836 1268 aditus
860 1205 903 1268 sit
925 1208 958 1268 et
981 1204 1099 1268 arduus
1123 1201 1225 1284 hosti3

383 1310 502 1376 Laudis
526 1316 562 1376 ut
585 1313 713 1377 assiduo
737 1312 848 1396 uigeat
871 1309 1045 1375 certamine
1069 1309 1170 1388 miles,

384 1417 462 1494 Quis
486 1418 653 1482 tardamue
677 1419 789 1482 sudem
812 1417 928 1483 melius
953 1417 1130 1481 celeremue
1154 1417 1309 1501 sagittam

313 1541 346 1587 00
384 1524 499 1588 lecerit
522 1528 578 1588 aut
601 1525 689 1590 lento
708 1525 899 1611 perfregerit
922 1523 1019 1589 obuia
1041 1523 1108 1607 pilo
1172 1501 1175 1516 ⁸

382 1632 427 1695 Et
450 1631 521 1715 quis
545 1654 664 1716 equum
682 1633 859 1698 celeremue
883 1633 953 1694 arto
978 1652 1178 1713 compescere
1201 1631 1293 1694 freno

384 1734 674 1803 Possituc'effusas
697 1735 791 1800 tardo
814 1736 1001 1820 permittere
1023 1736 1169 1801 habenas

386 1844 487 1928 Inque
512 1843 616 1907 uicem
636 1842 730 1908 modo
755 1843 882 1908 derecto
907 1842 1098 1906 contendere
1121 1865 1219 1925 passu

386 1949 456 2035 Seu,
479 1951 588 2035 libeat,
612 1972 709 2014 curuo
733 1949 863 2013 breuius
886 1950 1074 2013 conuertere
1097 1969 1189 2033 gyro,

314 2073 348 2120 00
386 2056 464 2132 Quis
487 2079 610 2141 parma,
633 2078 689 2121 seu
712 2056 825 2120 dextra
847 2055 928 2119 uelit
950 2077 1006 2118 seu
1029 2054 1122 2118 laeua
1144 2055 1237 2140 tueri,

385 2163 459 2227 Siue
482 2164 543 2228 hac
567 2164 636 2229 siue
659 2162 734 2226 illac
757 2161 869 2224 ueniat
891 2160 1000 2246 grauis
1024 2161 1164 2243 impetus
1188 2161 1312 2246 hastae,

385 2269 504 2352 Aptior
527 2273 583 2334 aut
608 2269 738 2353 signata
761 2267 826 2332 cita
847 2269 920 2332 loca
944 2270 1076 2352 tangere
1099 2267 1208 2334 funda.

384 2375 455 2439 Iam
479 2376 575 2439 simul
598 2374 728 2439 audacis
752 2375 885 2438 ueniant
907 2375 1085 2439 certamina
1107 2373 1233 2459 Martia,

385 2481 603 2566 Aduersisque
626 2483 744 2565 parent
766 2481 851 2546 acies
871 2503 1060 2546 concurrere
1084 2482 1195 2566 signis,

299 2606 349 2654 100
387 2589 479 2652 Το00
501 2588 563 2652 tibi
586 2609 652 2651 non
676 2587 758 2651 desit
780 2587 896 2651 faciem
919 2608 1111 2670 componere
1135 2609 1273 2672 pugnae,

387 2693 449 2760 Seu
473 2695 516 2760 sit
539 2718 620 2780 opus
644 2695 837 2778 quadratum
861 2695 946 2759 acies
970 2696 1129 2760 consistat
1151 2697 1185 2760 in
1208 2717 1335 2783 agmen,

385 2802 506 2866 Rectus
529 2807 566 2867 ut
590 2802 735 2886 aequatis
759 2802 908 2867 decurrat
930 2802 1092 2868 frontibus
1116 2803 1203 2880 ordo,

368 2995 436 3050 Vua.
455 3014 528 3049 0000.
566 3001 689 3049 82-105
708 2995 769 3049 tab.
791 2995 858 3049 Par.
872 2997 882 3064 ΙΙ
896 3002 929 3050 82
945 2996 1005 3050 Iam
1019 2997 1102 3050 Itali:
1122 2997 1195 3050 Nam
1211 3001 1230 3048 0
1247 2998 1324 3065 Par,
1345 2997 1441 3051 Plaat.

297 3084 307 3156 ll
324 3090 358 3138 83
378 3083 547 3153 praeducere
567 3087 611 3135 01¹
632 3083 713 3137 Pau:
732 3084 885 3152 perducere
904 3085 948 3137 ael
965 3083 1119 3153 producere
1137 3088 1226 3155 51184
1246 3102 1342 3140 000000
1357 3087 1442 3140 Itali:

297 3190 397 3228 neruos
417 3178 438 3225 0
458 3173 540 3240 Ρο0.,
566 3171 661 3224 Plaat.
686 3189 786 3226 uernos
804 3176 855 3224 AV
879 3174 921 3240 (00
943 3173 993 3227 hoc
1015 3175 1046 3227 ia
1064 3191 1178 3244 neruos,
1198 3181 1230 3229 at
1248 3177 1317 3242 aid,
1335 3177 1416 3243 corr.)
1433 3175 1443 3246 ll

298 3267 331 3315 87
351 3262 389 3317 Ut
409 3261 486 3330 Par,
507 3260 618 3314 Planta
636 3260 674 3313 Et
692 3262 731 3331 01
749 3259 899 3331 00000110ος
921 3261 988 3316 Par.
1009 3280 1038 3330 p,
1058 3262 1199 3332 stabilisq;
1221 3264 1289 3317 Par.
1305 3282 1322 3316 0
1334 3266 1344 3332 l
1357 3269 1393 3318 88
1411 3265 1444 3318 nt

299 3350 379 3406 Pau:
404 3352 434 3404 et
457 3355 475 3403 0
504 3348 601 3404 Plaat.
622 3351 626 3418 l
647 3351 731 3420 aalao
752 3355 816 3418 post
839 3352 912 3406 0000
930 3368 1039 3406 uersam
1057 3358 1192 3420 pacatam
1207 3354 1386 3422 0000001101
1406 3352 1444 3406 Et

298 3440 359 3508 quis
377 3444 440 3493 AV:
463 3438 566 3508 Ecquis
585 3444 607 3490 0
630 3440 688 3493 Aut
710 3438 774 3508 quis
798 3440 866 3495 Par.
893 3441 987 3496 Plaat.
1006 3444 1009 3510 Ι
1031 3442 1186 3497 celeremue
1205 3448 1255 3495 AV
1278 3448 1347 3499 m.2
1373 3443 1443 3498 Par.

300 3529 411 3583 Pluat.=
431 3528 586 3583 celeremue
605 3533 626 3579 0
645 3529 820 3598 celeremque
838 3536 861 3583 V
878 3537 944 3586 001
964 3531 1084 3586 celerem
1103 3533 1212 3587 arctato
1227 3533 1300 3585 Itali
1314 3532 1443 3600 (angusto

297 3619 331 3671 L.
353 3618 517 3688 Muellerus)
536 3617 711 3687 celeremque
729 3620 807 3674 arcto
830 3620 1019 3690 Aprmaaaas.
1039 3619 1218 3674 Lactmuaao
1236 3618 1391 3675 celeremue
1410 3637 1443 3674 ca

297 3724 324 3762 a.
336 3711 370 3761 89
384 3707 437 3762 000
450 3708 556 3762 matesc
570 3707 661 3761 alsam
675 3713 713 3762 est
726 3709 736 3777 l
750 3713 784 3762 92
797 3706 926 3762 Possitue
940 3709 1052 3776 sampsi:
1066 3706 1160 3763 Possit
1173 3710 1202 3763 et
1216 3713 1235 3761 0
1249 3708 1316 3764 Par.
1330 3709 1425 3763 Plaat.
1434 3707 1444 3779 ll

298 3801 332 3849 93
351 3793 458 3850 directo
474 3800 492 3848 0
507 3795 629 3864 (dirupto
643 3800 667 3848 V
680 3814 714 3853 m.
730 3799 765 3865 1),
779 3798 887 3852 correxi
902 3799 906 3866 Ι
922 3814 1006 3865 passu
1021 3802 1066 3850 00
1082 3798 1164 3852 Pan:
1180 3815 1262 3853 cursu
1276 3813 1293 3855 ς
1306 3799 1316 3866 ΙΙ
1330 3804 1364 3852 94
1379 3814 1443 3852 000-

297 3884 407 3937 uertere
418 3882 546 3940 arueras:
561 3884 729 3940 contendere
744 3889 763 3936 0
779 3885 847 3939 Par.
860 3885 955 3940 Plaat.
971 3887 1139 3955 compellere
1152 3887 1346 3942 Brcalrlrasias
1361 3889 1366 3955 Ι
1381 3886 1443 3956 giro

297 3977 347 4025 Av
368 3972 435 4025 Par.
450 3973 506 4041 1195
527 3972 594 4039 Quis
613 3989 712 4042 parma
730 3989 779 4027 000
798 3977 843 4025 01*
863 3974 945 4028 Pau:
964 3973 1067 4030 Parma
1086 3991 1135 4030 seu
1153 3993 1223 4044 quos
1241 3976 1325 4046 (quis)
1345 3976 1417 4030 Itali
1435 3975 1443 4048 l

298 4067 332 4116 06
351 4061 447 4116 000100
464 4060 560 4132 grauis
578 4067 599 4114 F
619 4061 702 4115 Pau:
721 4061 834 4130 grandis
852 4063 931 4116 uenit
950 4067 968 4115 0
989 4065 1045 4133 (scd
1063 4065 1135 4118 100
1157 4063 1271 4134 grandir
1294 4068 1319 4118 et
1344 4063 1443 4117 hastae

295 4152 408 4222 punctis
422 4152 528 4219 notata)
542 4151 552 4219 ΙΙ
566 4156 598 4204 97
614 4151 715 4219 Aptior
727 4149 933 4205 Frenetear'as:
948 4152 1076 4221 Amplior
1090 4156 1135 4204 00·
1151 4153 1219 4207 Par.
1237 4155 1240 4222 Ι
1257 4155 1307 4208 aut
1321 4157 1340 4205 0
1360 4153 1443 4207 Pac:

298 4244 330 4296 ut
342 4246 363 4293 F
376 4243 387 4310 l
400 4246 434 4295 98
449 4239 575 4310 audacis]
591 4238 700 4293 aduersi
716 4239 783 4294 Par.
802 4241 806 4308 l
822 4239 937 4294 ueniant
952 4241 1034 4294 Pan:
1053 4241 1168 4296 uenient
1182 4247 1201 4293 0
1215 4243 1333 4297 ueniunt
1346 4243 1442 4296 Pluat.

297 4329 307 4401 ll
326 4335 359 4384 99
379 4331 480 4398 parent
503 4333 547 4381 01²
573 4329 657 4381 Pan:
676 4331 778 4397 parant
795 4330 869 4384 Itali
885 4331 895 4399 ΙΙ
914 4335 964 4384 100
983 4329 1061 4385 Το00
1080 4335 1099 4383 0
1119 4330 1227 4385 Placet:
1251 4331 1321 4386 Tum
1347 4333 1415 4386 Pur.
1434 4330 1444 4404 ll

301 4425 351 4476 102
370 4419 403 4472 ut
420 4424 441 4473 1²
461 4419 543 4474 Paa:
563 4417 592 4474 10
611 4421 630 4474 0
