3294 5118
314 315 357 380 60
500 351 504 358 ·
694 316 1071 372 PSEUDOTIBULLIANA.

403 480 492 544 Tune
515 502 587 544 eum
610 501 780 564 permenso
805 479 974 545 defunctus
997 484 1143 566 tempore
1164 483 1243 547 lueis

332 603 365 650 10
447 585 561 650 Nudus
584 585 727 650 Lethaea
751 607 882 672 cogerer
905 587 951 652 ire
974 588 1066 653 rate?

402 692 488 757 Nam
512 715 610 778 graue
634 692 710 777 quid
733 692 866 776 prodest
888 695 1013 778 pondus
1037 695 1118 760 mihi
1142 695 1253 760 diuitis
1278 698 1357 782 auri,

448 800 600 884 Aruaque
625 800 652 863 si
675 801 799 865 findant
822 801 958 886 pinguia
980 801 1068 865 mille
1093 802 1215 866 boues?

402 906 525 983 Quidue
549 907 661 971 domus
685 907 818 989 prodest
841 906 1126 992 Phrygiis‘innixa
1150 907 1318 992 columnis

448 1012 593 1077 Taenare
617 1013 686 1077 siue
709 1012 782 1091 tuis,
808 1014 876 1077 siue
900 1012 1038 1097 Caryste
1060 1015 1136 1098 tuis

333 1137 364 1184 15
397 1119 441 1184 nt
464 1141 599 1183 nemora
622 1120 655 1182 in
678 1119 826 1184 domibus
850 1142 958 1184 saeros
982 1121 1146 1186 imitantia
1168 1122 1258 1187 lucos

447 1228 652 1310 Aurataeque
676 1226 785 1290 trabes
809 1248 1089 1312 marmoreumque
1115 1228 1243 1293 solum?
1276 1305 1277 1314 χ

402 1333 526 1409 Quidue
545 1332 580 1396 in
603 1315 785 1416 Erythraeo
809 1332 930 1425 legitur
953 1355 1035 1418 quae
1060 1335 1301 1420 litorelceneha·

446 1439 623 1523 Tinctaque
648 1438 780 1504 Sidonio
806 1441 926 1505 murice
949 1441 1025 1505 lana
1048 1443 1147 1519 iuuat,

400 1547 445 1610 Et
469 1569 549 1628 quae
574 1550 740 1629 praeterea
763 1547 902 1630 populus
927 1549 1085 1612 miratur?
1108 1549 1142 1612 in
1165 1549 1229 1614 illis

330 1670 364 1716 20
446 1653 573 1718 inuidia
596 1659 658 1718 est:
682 1653 766 1718 falso
789 1655 930 1738 plurima
954 1656 1070 1740 uulgus
1095 1660 1191 1721 amat.

312 1767 314 1772 “
401 1759 475 1824 Non
498 1761 615 1844 opibus
640 1763 763 1825 mentes
787 1760 955 1825 hominum
978 1784 1135 1846 curaeque
1158 1765 1321 1828 leuantur:

447 1866 531 1930 Nam
555 1867 699 1931 Fortuna
723 1891 781 1932 sua
804 1871 953 1951 tempora
976 1869 1046 1954 lege
1070 1862 1163 1953 regit.

403 1972 452 2036 Sit
475 1974 554 2037 mihi
578 1978 752 2057 paupertas
776 1979 882 2038 tecum
906 1976 1053 2060 iocunda,
1076 1973 1217 2040 Neaera:

445 2081 490 2142 At
514 2080 582 2143 sine
605 2085 637 2143 te
660 2102 774 2164 regum
797 2104 930 2146 munera
952 2083 1041 2146 nulla
1065 2084 1150 2147 uolo,

331 2199 364 2248 25
403 2183 429 2249 Ο
453 2186 592 2271 niueam,
616 2210 697 2272 quae
720 2191 752 2251 te
776 2189 897 2271 poterit
919 2189 1000 2253 mihi
1024 2190 1165 2273 reddere,
1187 2191 1304 2254 lucem!

447 2291 473 2357 Ο
498 2294 578 2358 mihi
600 2293 728 2359 felicem
752 2298 864 2381 terque
888 2299 1064 2380 quaterque
1089 2296 1186 2362 diem!

401 2399 447 2463 At
470 2401 506 2483 si,
528 2423 588 2484 pro
613 2399 698 2464 dulei
721 2401 826 2464 reditu
850 2424 1068 2487 quaecumque
1092 2407 1261 2485 uouentur,

447 2505 571 2570 Audiat
594 2528 708 2570 auersa
731 2530 798 2571 non
821 2530 911 2572 meus
936 2531 1011 2578 aure
1035 2509 1123 2592 deus,

401 2612 477 2678 Non
500 2633 551 2676 me
574 2632 675 2697 regna
698 2613 814 2676 iuuant
835 2635 894 2678 nee
917 2613 1036 2698 Lydius
1062 2615 1181 2681 aurifer
1205 2617 1309 2681 amnis

331 2737 365 2784 30
442 2718 511 2783 Nee
536 2741 616 2802 quas
632 2701 800 2782 'terrarum
824 2719 963 2783 sustinet
987 2721 1074 2786 orbis
1098 2744 1183 2805 opes.

400 2824 490 2890 Haec
514 2825 569 2890 alii
593 2825 733 2909 cupiant,
756 2824 854 2890 lieeat
876 2827 956 2890 mihi
979 2850 1121 2911 paupere
1145 2831 1234 2894 cultu

445 2931 564 2996 Securo
588 2953 665 2995 cara
688 2931 823 3016 coniuge
846 2954 941 3016 posse
964 2933 1038 2997 frui.

401 3038 500 3104 Adsis
525 3042 558 3103 et
580 3037 705 3102 timidis
729 3039 849 3123 faueas,
873 3037 1035 3125 Saturnia,
1059 3042 1153 3125 uotis,

445 3145 490 3209 Et
512 3144 624 3209 faueas
648 3144 779 3228 coneha,
803 3143 931 3229 Cypria,
954 3150 1049 3211 uecta
1071 3151 1137 3212 tua.

330 3266 363 3316 35
400 3249 469 3315 Aut
493 3251 520 3314 si
542 3251 612 3315 fata
634 3254 759 3336 negant
780 3251 920 3316 reditum
942 3253 1116 3339 tristesque
1141 3279 1275 3341 sorores,

300 3520 304 3530 ,
383 3465 451 3520 Vra.
470 3485 543 3518 aner.
587 3470 603 3517 9
631 3479 779 3532 permenso
803 3467 835 3518 0:
867 3481 1048 3532 praemensae
1077 3467 1149 3520 Itali
1170 3468 1180 3536 ΙΙ
1204 3474 1236 3522 10
1260 3469 1355 3524 lethea
1378 3473 1429 3521 AV
1447 3468 1456 3540 A

315 3561 418 3608 11-13
437 3554 497 3608 hab.
521 3553 588 3606 Per.
607 3555 617 3622 ΙΙ
636 3559 667 3606 11
696 3553 768 3618 Quid
791 3554 922 3623 prodesse
945 3555 1040 3623 potest
1062 3556 1171 3623 pondus
1190 3575 1275 3626 graue
1295 3558 1320 3611 d.
1341 3575 1365 3612 a.
1387 3558 1455 3612 Par.

312 3660 321 3733 p
342 3668 373 3715 13
393 3659 511 3730 pangas
530 3664 552 3712 s
572 3659 639 3712 Par.
659 3659 750 3728 frigiis
769 3663 815 3731 vp
829 3666 862 3714 14
881 3643 983 3716 carisa
1002 3665 1023 3712 s
1042 3661 1161 3716 tharses
1180 3667 1230 3715 nv
1248 3671 1304 3719 mn
1324 3664 1455 3732 (chasse

313 3754 387 3805 Vm.
407 3748 657 3817 2)1116-22Ιιαϋ.
679 3749 747 3802 Par.
766 3751 776 3818 ΙΙ
796 3755 827 3802 17
847 3749 876 3803 in
895 3748 1016 3803 erithreo
1036 3752 1054 3800 0
1074 3750 1210 3806 meritheo
1231 3753 1299 3806 Pur.
1319 3771 1335 3818 p
1359 3753 1455 3807 intheo

315 3840 382 3893 Par.
402 3837 559 3906 allegitur
577 3839 669 3906 qu(a)e
693 3843 715 3890 G
735 3837 803 3891 Pusr.
828 3839 863 3906 (et
881 3842 904 3889 V
921 3855 956 3894 m.
975 3844 991 3891 2
1010 3840 1086 3907 πως
1109 3839 1245 3910 legiturq3
1269 3841 1298 3894 in
1316 3844 1366 3893 AV
1386 3859 1419 3895 m.
1441 3848 1454 3895 1

312 3926 321 3997 A
341 3931 374 3980 18
394 3925 508 3994 sydonio
527 3928 619 3995 61120
639 3925 747 3980 Inuidia
766 3927 809 3979 est
828 3931 849 3978 fl
869 3926 950 3981 Pan:
975 3928 1073 3982 Inuida
1092 3946 1163 3996 quae
1183 3933 1232 3980 AV
1250 3929 1260 3997 ΙΙ
1278 3936 1321 3998 21,
1341 3936 1374 3983 22
1393 3931 1454 3984 hab.

313 4016 389 4070 Fris.
404 4018 413 4084 ΙΙ
427 4021 460 4069 21
475 4015 583 4070 homini
597 4021 628 4084 A,
643 4020 665 4067 V
680 4018 759 4084 (corr.
774 4032 826 4084 mp.
841 4033 874 4069 m.
890 4018 926 4086 2),
940 4034 959 4082 g
973 4018 1028 4085 1122
1048 4018 1121 4071 Nam
1141 4021 1160 4069 0
1177 4019 1259 4072 Pan:
1278 4019 1337 4072 Neo
1352 4018 1427 4072 Fris.
1451 4017 1453 4089 1

312 4106 386 4175 regit
404 4110 426 4157 G
446 4105 528 4158 Pan:
552 4104 626 4174 gerit
649 4109 698 4158 AV
721 4104 798 4158 Fris.
817 4105 827 4172 ΙΙ
844 4110 878 4158 23
902 4104 1023 4158 iucunda
1042 4109 1063 4156 fl
1081 4107 1090 4173 ΙΙ
1108 4111 1143 4159 24
1162 4106 1199 4158 At
1221 4108 1302 4182 utet
1319 4110 1342 4157 V
1360 4123 1393 4161 m.
1414 4109 1453 4176 2);

312 4195 349 4249 Et
367 4197 417 4246 AV
436 4211 469 4248 m.
491 4199 505 4248 1
528 4195 538 4262 ΙΙ
560 4198 595 4247 28
614 4193 732 4246 aduersa
751 4195 778 4260 0,
804 4208 872 4246 sorr.
898 4197 972 4246 Vm.
993 4200 1007 4245 2
1031 4195 1041 4262 {1
1067 4199 1172 4248 29-33
1191 4195 1252 4248 hab.
1276 4194 1352 4260 Pan,
1371 4197 1455 4250 uerba

312 4284 408 4338 Lidius
427 4281 530 4338 aurifer
553 4281 643 4336 amnis
666 4281 742 4336 Fris.
766 4283 776 4350 ΙΙ
799 4287 832 4336 29
856 4282 960 4337 NonG
986 4281 1067 4336 Pan:
1096 4283 1155 4336 Nee
1178 4288 1228 4335 AV
1253 4285 1257 4351 Ι
1284 4283 1384 4338 iuuant
1405 4287 1455 4337 Av

315 4373 397 4428 Pan:
415 4370 513 4426 iuuant
530 4375 556 4441 (e
571 4387 604 4426 ex
618 4373 698 4440 corr.)
717 4371 758 4438 61
774 4386 827 4424 nee
845 4374 864 4422 0
881 4371 962 4424 Pau:
981 4387 1037 4426 non
1051 4385 1068 4428 ς
1083 4372 1088 4440 Ι
1104 4370 1188 4425 lidius
1206 4374 1257 4423 AV
1273 4371 1351 4440 Pan,
1365 4373 1455 4442 Fris(

313 4469 346 4518 32
368 4461 471 4518 Securo
489 4461 566 4515 uitae
584 4475 698 4514 munere
716 4477 744 4529 p.
763 4459 781 4515 f.
804 4459 871 4514 Pur.
886 4461 895 4529 ΙΙ
909 4466 942 4513 33
964 4458 1040 4514 Aesis
1059 4460 1149 4529 01135
1168 4460 1226 4532 Aut
1244 4462 1272 4531 (u
1286 4461 1418 4530 (1111112)
1435 4464 1455 4514 G
