3316 5114
254 272 321 328 vm
547 246 558 257 ‘
684 269 969 327 recensemus.

255 435 301 501 eis
330 457 411 522 quae
434 435 539 519 prima
566 456 681 499 manus
709 456 748 498 ex
772 433 948 520 archetypo
972 434 1143 520 descripsit
1169 436 1315 519 positum
1342 438 1400 520 est,

255 542 351 606 nauci
373 540 523 606 habenda
547 545 623 605 sunt
651 563 733 626 quae
755 540 1005 626 interpolatores
1028 540 1103 606 ltali
1125 545 1239 627 postea
1267 542 1335 606 siue
1362 564 1401 606 ex

256 647 329 712 aliis
352 648 445 712 libris
470 647 537 713 siue
561 670 600 712 ex
622 647 753 734 ingenio
776 647 965 713 intulerunt.
997 649 1107 731 itaque
1130 651 1216 713 recte
1238 649 1318 714 fecit
1334 649 1400 714 Au·

121 767 124 772 ’
256 757 370 840 gustus
393 753 483 844 Mau,
512 754 566 838 qui
589 753 731 819 codicem
755 777 775 818 a
795 752 926 821 Loewio
952 755 1170 819 examinatum
1198 777 1271 819 mea
1294 755 1402 841 gratia

257 863 404 926 accurate
428 861 581 947 excussit,
612 861 697 945 quod
721 882 833 927 omnes
856 861 930 926 illas
953 863 1172 927 correctorum
1198 884 1312 927 manus
1335 883 1400 927 uno

258 967 340 1052 siglo
364 988 449 1032 non.
471 972 495 1033 2
518 967 769 1052 comprehendit.

346 1072 437 1137 Adeo
466 1076 573 1138 autem
596 1074 625 1138 A
649 1077 682 1138 et
703 1071 732 1138 V
760 1072 803 1161 (si
826 1095 929 1158 pauca
953 1097 1034 1160 quae
1060 1075 1095 1140 in
1117 1078 1253 1161 utroque
1276 1076 1401 1143 scribae

258 1179 431 1245 oscitantia
454 1161 616 1244 commisit
640 1180 835 1266 omittimus)
860 1181 945 1246 inter
968 1203 1002 1246 se
1026 1184 1246 1269 consentiunt,
1278 1183 1402 1248 utiam

256 1287 323 1351 fere
352 1285 460 1351 ubiuis
488 1308 689 1352 communem
717 1309 827 1352 eorum
856 1289 1067 1374 archetypum
1095 1290 1268 1375 reciperati
1293 1289 1402 1368 simus.

258 1417 297 1459 ex
324 1416 388 1480 quo
415 1415 493 1458 num
515 1394 648 1458 tertium
677 1394 902 1481 apographum
931 1395 974 1460 sit
998 1381 1121 1462 fadtum
1148 1418 1214 1464 non
1236 1396 1328 1480 potui
1355 1397 1402 1460 in-

257 1501 430 1586 uestigare.
471 1501 536 1566 iam
560 1502 659 1566 ceteri
682 1501 808 1567 codices
832 1500 1008 1567 Tibulliani
1031 1503 1112 1568 mibi
1134 1503 1264 1569 noti-
1289 1503 1403 1588 ingens

258 1613 366 1675 autem
395 1631 506 1675 eorum
534 1611 584 1673 est
611 1629 763 1672 numerus
792 1609 824 1671 et
852 1607 887 1672 in
911 1608 1072 1692 plerisque
1094 1609 1241 1676 Tibullus
1269 1609 1422 1690 comites,

257 1715 357 1779 habet
385 1713 548 1779 Catullum
575 1714 843 1800 Propertiumque
872 1751 914 1762 -
944 1715 1070 1780 saeculo
1098 1714 1160 1781 XV
1188 1715 1300 1802 scripti
1328 1721 1404 1780 sunt

259 1824 292 1886 et
321 1817 435 1906 (unum
464 1821 492 1885 si
515 1819 669 1904 excipias)
698 1821 795 1906 longe
818 1820 978 1905 longeque
1006 1845 1026 1886 a
1048 1821 1206 1888 librorum
1228 1819 1291 1887 AV
1313 1843 1404 1906 prae·

260 1928 381 1992 stantia
404 1928 572 2013 recedunt,
597 1930 710 2012 utpote
733 1927 892 1994 Italorum
914 1927 1219 2012 interpolationibus
1244 1931 1404 1993 scatentes

261 2057 362 2120 eoque
383 2035 503 2100 nullius
526 2056 659 2118 prorsus
688 2034 819 2098 adrem
843 2032 990 2098 criticam
1012 2035 1117 2118 pretii.
1162 2035 1272 2101 nescio
1297 2038 1405 2100 autem

260 2164 302 2206 an
328 2141 437 2206 nullus
465 2144 561 2225 poeta
588 2141 754 2206 Romanus
785 2139 888 2204 doctis
917 2140 1005 2205 illius
1033 2143 1190 2226 temporis
1219 2142 1405 2208 bominibus

260 2247 365 2333 magis
388 2247 487 2312 fuerit
510 2251 622 2332 gratus
646 2250 858 2332 acceptusque
881 2247 1157 2330 quam'Tibullus.
1192 2248 1268 2314 binc
1290 2249 1405 2334 primis
1541 2263 1546 2279 ‘
1627 2234 1639 2266 ⁰

262 2355 374 2419 statim
407 2355 527 2419 saeculi
554 2354 617 2420 XV
648 2353 810 2419 decenniis
845 2354 951 2418 ortum
984 2354 1034 2416 est
1064 2352 1150 2418 inter
1178 2350 1280 2418 Italos
1313 2354 1406 2438 quasi
1514 2390 1516 2393 v

263 2461 424 2547 quoddam
443 2464 606 2526 certamen
623 2461 658 2525 in
673 2458 890 2526 emaculandis
909 2459 998 2523 illius
1012 2459 1181 2543 poematis.
1204 2461 1275 2524 tum
1289 2461 1407 2545 quippe

262 2567 438 2634 extiterunt
455 2567 576 2632 Tibulli
599 2567 822 2632 emendatores
845 2588 918 2631 cum
940 2565 996 2630 alii
1018 2569 1089 2628 tum
1107 2564 1246 2632 Ioannes
1265 2566 1407 2650 Aurispa

262 2672 531 2763 (tato-1459),
568 2674 709 2740 Thomas
734 2671 856 2739 Seneca
884 2669 1053 2759 (Anconae
1082 2672 1136 2756 qui
1160 2672 1245 2738 circa
1268 2695 1296 2738 a.
1322 2674 1408 2738 1420

261 2782 398 2867 floruit),
435 2781 589 2848 Iouianus
621 2781 787 2847 Pontauus
825 2777 1095 2868 (rene-1503).
1144 2779 1262 2846 horum
1300 2780 1408 2846 studia

263 2889 447 2976 etiamnunc
479 2890 514 2953 in
546 2889 637 2954 libris
670 2911 746 2954 mss.
776 2887 1009 2954 recentissimis
1040 2885 1087 2975 (ς)
1118 2887 1262 2952 extantia
1293 2890 1330 2952 ut
1359 2889 1408 2953 in-

262 2997 453 3080 lustrantur,
486 2995 728 3061 communicabo
757 3017 830 3060 cum
857 2995 1034 3061 lectoribus
1059 2991 1198 3060 Senecae
1226 2994 1408 3078 epistulam,

264 3125 361 3188 quam
385 3124 401 3167 e
425 3101 535 3167 codice
553 3101 715 3168 Vaticano
739 3102 827 3166 2794
850 3123 933 3166 saec.
951 3099 1013 3164 XV
1034 3097 1103 3187 (fol.
1125 3097 1171 3186 1³)
1194 3105 1313 3186 rogatu
1336 3122 1407 3167 meo

264 3209 433 3294 descripsit
459 3207 618 3274 Loewius.
664 3207 809 3273 continet
837 3210 947 3272 autem
973 3206 1027 3272 bic
1053 3207 1136 3272 liber
1163 3207 1328 3273 Tibullum
1358 3231 1408 3273 ea-

264 3318 336 3383 dem
359 3339 422 3402 qua
445 3315 619 3401 epistulam
641 3336 739 3379 manu
762 3313 927 3398 scriptum.

521 3493 659 3560 Iohanni
681 3492 878 3558 Ariminensi
900 3493 1012 3574 optineo
1029 3491 1150 3574 phisico

617 3599 753 3665 Thomas
775 3599 889 3665 Seneca
911 3598 1057 3664 Selenen.

354 3746 510 3812 Annaea
537 3745 683 3826 fortassis
711 3763 821 3826 onnpne
849 3741 952 3807 neentis
979 3760 1103 3823 operm
1129 3739 1209 3806 banc
1237 3761 1350 3828 nenne,
1382 3745 1411 3808 si

264 3859 300 3918 nt
316 3875 382 3936 pon
402 3855 509 3935 fnnnt
529 3853 611 3917 nitro
634 3872 671 3916 oc
693 3851 823 3933 inpcnnc
845 3849 893 3913 ini
911 3849 1018 3931 pretio
1039 3848 1227 3930 cneepbsenn.
1264 3850 1318 3914 scd
1337 3870 1410 3930 qno-

266 3961 354 4047 ninnn
377 3965 406 4025 ct
426 3965 551 4044 nopotns
573 3963 602 4026 ct
619 3959 722 4042 precio
744 3978 814 4023 snnn
836 3957 879 4022 an
900 3976 968 4020 eon
990 3957 1152 4035 oddnctns,
1175 3957 1259 4022 nnllc
1280 3961 1353 4021 snnt
1375 3958 1409 4022 in

265 4069 405 4152 beneficio
423 4072 530 4148 portes
552 4065 765 4148 mercennarii,
788 4084 845 4145 qne
867 4063 910 4128 od
927 4063 1049 4128 landen
1072 4069 1100 4128 ct
1113 4065 1251 4147 protinus
1267 4063 1408 4145 proficis-

266 4181 385 4240 ccntnn.
431 4175 535 4242 Unnnn
557 4175 638 4240 illncl
657 4173 754 4237 αααεα
777 4173 886 4255 dicere,
909 4171 991 4252 qnod
1005 4171 1136 4252 pessimi
1156 4171 1256 4251 foccnc
1278 4190 1408 4236 mercen

267 4284 354 4349 narii
381 4304 445 4348 non
471 4283 580 4366 solent,
612 4285 730 4364 qncnto
750 4279 842 4361 pctni
868 4279 1010 4353 nonina
1032 4298 1109 4342 cnro
1130 4278 1281 4342 studuisse
1305 4283 1341 4342 nt
1362 4280 1410 4344 in-

267 4391 391 4454 dustrio
408 4411 587 4471 sunnonem
602 4409 677 4472 opens
690 4387 944 4454 ncrcnnnnninnn
966 4405 1062 4466 iisqne
1080 4385 1162 4450 enim
1179 4385 1226 4448 ito
1244 4389 1280 4449 nt
1291 4387 1410 4468 neppni
