3316 5114
663 319 950 376 Paonasouaru.
1327 319 1380 375 vu
1484 397 1488 402 ¹

74 495 77 503 '
140 485 154 520 ⁸
235 507 274 550 ex
296 486 347 551 his
370 485 449 551 locis
474 485 613 550 alterum
636 486 787 567 excerpta
809 482 958 547 Parisina
982 501 1177 568 quamquam
1200 483 1294 548 aliter
1316 483 1380 548 for-

234 596 356 657 matum
381 591 552 676 praebent3
582 591 723 674 priorem
747 591 855 652 autem
878 610 937 652 nec
961 591 1111 671 excerpta
1132 589 1189 653 illa
1211 611 1271 654 nec
1294 590 1379 655 ullus

235 700 374 785 scriptor
398 698 550 781 antiquus
580 695 736 762 adferrmt
781 695 891 779 itaque
914 693 968 758 hic
992 694 1100 758 saltim
1128 715 1166 758 ex
1190 694 1298 759 codice
1322 696 1380 760 ali-

235 827 298 888 quo
328 803 515 868 Tibulliano
546 803 675 886 integro
703 802 911 892 depromptus
940 804 998 865 est.
1051 801 1133 866 nihil
1163 822 1240 887 ergo
1271 802 1381 867 obstat

235 910 406 994 quominus
434 910 532 974 talem
556 908 705 974 Veronae
734 909 812 974 olim
840 908 986 973 extitisse
1015 929 1113 993 coque
1140 908 1381 995 (11Ρο011011ςί-

145 1007 148 1012 ’
235 1039 308 1082 cum
331 1020 364 1081 ct
386 1018 551 1082 auctorem
573 1017 690 1083 florum
712 1038 790 1080 usos
814 1037 883 1080 esse
906 1037 1074 1100 ponamus.
1091 1054 1131 1062 -
1152 1017 1268 1100 quibus
1289 1036 1379 1100 prae-

234 1122 341 1188 missis
371 1145 457 1189 nunc
487 1122 528 1187 ad
551 1124 677 1189 codices
701 1122 903 1187 Tibullianos
932 1120 1028 1187 hodie
1051 1121 1148 1186 nobis
1172 1125 1379 1208 suppetentes

235 1228 458 1295 describendos
482 1233 695 1295 transeamus.

321 1337 365 1420 A,
380 1337 489 1402 codex
511 1335 749 1422 Ambrosianus
772 1334 810 1400 R.
834 1335 876 1399 26
897 1357 974 1419 sup,
998 1335 1276 1419 membranaceus,
1300 1357 1380 1400 saec.

233 1441 312 1507 XIV
349 1443 383 1506 in
420 1443 580 1526 scriptura
612 1439 753 1506 Gothico
789 1444 953 1524 exaratus,
988 1441 1113 1504 formae
1134 1443 1380 1527 quaternarias,

235 1549 340 1614 solum
370 1549 472 1616 habet
501 1549 665 1614 Tibullum
695 1549 737 1614 48
767 1547 855 1614 101110
887 1548 929 1612 22
959 1547 1026 1612 fere
1055 1546 1227 1632 linearum,
1263 1548 1379 1616 ultimo
1410 1586 1412 1588 ·

226 1659 344 1726 ‚tamen
369 1679 482 1723 uacuo
528 1657 668 1721 anobis
693 1657 835 1738 primum
863 1654 1029 1720 adhibitus
1058 1658 1115 1719 est.
1160 1655 1195 1719 in
1218 1655 1281 1719 fine
1304 1659 1381 1740 post

234 1761 358 1828 Tibulli
384 1763 487 1828 uitam
514 1763 650 1847 legitur:
686 1761 781 1826 Liber
804 1760 922 1827 Ocioeii
942 1761 1034 1844 pperi
1057 1759 1245 1827 001110110νὶ1
1257 1761 1380 1843 florea·
1458 1816 1465 1830 .

234 1870 311 1934 tini:
348 1899 398 1948 ω,
436 1873 504 1934 tum
534 1869 598 1934 alio
627 1871 810 1932 atramento
841 1891 861 1933 a
889 1890 987 1932 manu
1016 1868 1194 1933 recentiore
1225 1868 1380 1953 scriptum

148 2045 150 2052 ,
235 1979 300 2040 est:
337 1977 430 2041 liber
453 1975 560 2042 Oosmc
582 1975 736 2040 Iohannis
759 1976 795 2039 de
816 1975 958 2040 Medicis.
995 1975 1089 2039 1111010
1110 1970 1132 2038 ri
1156 1973 1323 2040 Laurentii
1344 1997 1381 2040 ac

234 2082 343 2148 Icosais
365 2083 453 2150 Petri
468 2083 636 2149 Francisci
658 2082 694 2146 de
711 2081 851 2146 Medicis.
884 2081 943 2146 ΝΘ.
961 2079 1095 2146 LVIII.
1132 2081 1256 2165 primus
1279 2083 1380 2168 igitur

234 2189 353 2254 codicis
382 2211 561 2274 possessor..
582 2191 652 2253 erat
681 2188 767 2252 idem
795 2187 851 2252 ille
880 2186 1027 2253 Colutius
1058 2186 1237 2273 Salutatus,
1268 2190 1324 2273 qui
1352 2213 1379 2256 a.

104 2301 108 2316 “
236 2297 321 2362 1374
349 2296 556 2380 anquirendis
580 2293 701 2361 Catulli
729 2299 761 2359 et
787 2295 948 2379 Propertii
974 2296 1212 2379 exemplaribus
1240 2295 1380 2361 studuit:

234 2402 273 2466 cf.
297 2403 365 2467 eius
388 2401 546 2486 epistulae
569 2401 603 2465 in
621 2399 772 2485 Prolegg.
792 2399 832 2464 ad
851 2398 967 2465 Catull.
990 2423 1020 2483 p.
1039 2399 1069 2464 X
1093 2423 1113 2465 a
1133 2423 1184 2466 mc
1208 2401 1379 2466 exhibitae.

235 2510 351 2592 quibus
375 2507 523 2592 epistulis
552 2506 581 2571 si
604 2507 675 2591 quis
697 2507 759 2571 hoc
783 2507 971 2572 concludere
996 2507 1090 2591 uelit,
1122 2508 1286 2573 Tibullum
1309 2511 1380 2574 tum

234 2615 389 2699 temporis
417 2615 482 2680 iam
505 2613 593 2678 illius
616 2612 833 2678 bibliothecae
861 2612 960 2678 fuisse
983 2614 1154 2695 insertum,
1185 2637 1250 2680 non
1272 2614 1379 2682 habeo

234 2722 319 2805 quod
343 2743 523 2806 opponam,
560 2724 645 2785 certe
669 2720 697 2784 si
722 2742 789 2786 non
811 2721 908 2804 paulo
932 2723 1021 2804 ante,
1054 2723 1089 2784 at
1112 2722 1220 2785 saltim
1243 2722 1378 2786 cundem

234 2829 320 2892 circa
343 2850 371 2892 a.
397 2828 483 2892 1374
504 2827 534 2890 A
556 2830 653 2891 natus
677 2829 735 2890 est.
780 2827 834 2909 qui
857 2825 1017 2909 scriptura
1040 2828 1189 2891 exaratus
1212 2827 1324 2910 pulcra
1347 2830 1380 2891 et

235 2933 397 3016 aequabili
416 2931 586 3017 archetypi
602 2933 758 2998 lectiones
777 2931 975 3015 propagauit
992 2932 1129 2997 fideliter
1148 2953 1207 2997 neo
1226 2933 1293 2996 ulla
1311 2932 1378 2998 fere
1494 2991 1497 2996 .

233 3040 322 3104 facta
344 3037 538 3121 mutatione,
560 3037 624 3102 nisi
648 3037 733 3123 quod
755 3035 809 3101 hic
827 3036 896 3101 illio
913 3037 1066 3104 librarius
1089 3039 1205 3103 leniter
1223 3039 1379 3122 peccauit.

233 3169 348 3211 manus
379 3147 488 3211 autem
517 3145 691 3210 correctrix
719 3144 858 3229 quinque
889 3144 999 3208 saltim
1027 3144 1189 3211 decenniis
1218 3146 1379 3211 recentior

220 3276 307 3319 ,raro
334 3253 369 3317 in
395 3253 584 3317 uniuersum
612 3255 755 3336 apparet.
804 3251 890 3316 hunc
917 3252 1037 3316 librum
1065 3273 1174 3316 mense
1201 3250 1321 3316 Martio
1350 3275 1378 3318 a.

237 3361 331 3445 1876,
355 3383 427 3426 cum
446 3360 564 3425 iterum
582 3358 758 3424 Mediolani
781 3359 1016 3442 commorabar,
1037 3359 1107 3443 ipse
1126 3358 1264 3444 excussi,
1287 3359 1378 3424 locos

234 3469 409 3532 nonnullos
432 3470 548 3552 postea
566 3465 670 3530 denuo
694 3465 917 3530 examinarunt
936 3463 974 3530 (1.
992 3464 1108 3554 Loewe
1132 3468 1165 3528 et
1182 3463 1221 3528 A.
1241 3461 1379 3550 Oeriani,

234 3573 432 3639 clarissimus
468 3571 687 3637 bibliothecae
719 3570 958 3636 Ambrosianae
995 3571 1184 3655 praefectus.
1224 3606 1261 3616 -
1299 3570 1376 3636 huic

234 3678 380 3743 bonitate
405 3702 599 3763 quamquam
621 3701 689 3744 non
711 3679 807 3762 plane
829 3700 903 3762 par,
925 3681 1035 3742 tamen
1059 3677 1242 3743 simillimus
1267 3681 1316 3742 001

324 3783 362 3867 V,
387 3785 486 3850 codex
508 3785 687 3851 Vaticanus
712 3786 812 3868 3210,
836 3784 1039 3870 chartaceus,
1061 3785 1185 3850 formae
1208 3783 1379 3868 maximae,

233 3890 289 3956 fol.
315 3890 431 3955 1-37
455 3889 633 3976 Tibullum,
664 3896 734 3956 tum
758 3882 866 3956 Ouidii
893 3892 931 3956 de
954 3891 1105 3956 remediis
1134 3892 1253 3956 amoris
1282 3913 1377 3975 opus-

234 3997 341 4063 culum
365 3996 547 4081 continens,
575 4000 703 4063 saeculo
727 3998 866 4082 scriptus
889 3998 967 4064 XIV
990 4002 1125 4064 0110111110
1148 3999 1376 4084 potiusquam
1469 4015 1471 4018 ·

234 4105 365 4170 ineunte
389 4103 452 4168 XV
469 4104 609 4169 testibus
633 4103 669 4169 G.
692 4103 809 4170 Loewe
833 4109 866 4171 et
889 4105 928 4170 A.
950 4105 1036 4170 Mau.
1073 4107 1144 4169 erat
1167 4106 1257 4189 olim,
1279 4107 1316 4169 ut
1339 4127 1377 4168 ex

233 4213 363 4296 pagella
390 4210 533 4295 praefixa
561 4211 677 4290 elucet,
708 4209 815 4276 Fuluii
837 4210 958 4277 Ursini.
1004 4215 1199 4278 correctores
1226 4213 1377 4296 expertus

186 4355 188 4359 ·
233 4320 284 4381 est
311 4317 428 4382 abhinc
450 4319 573 4398 uarios,
606 4339 744 4403 quorum
772 4339 886 4382 manus
913 4340 980 4383 non
1008 4339 1135 4402 semper
1158 4318 1282 4382 dinosci
1304 4339 1377 4400 pos-

234 4425 321 4488 sunt.
356 4444 460 4508 neque
482 4423 582 4493 refert
604 4424 778 4490 dinoscere.
814 4445 909 4488 0111110
932 4425 1019 4490 enim
1041 4425 1161 4491 codicis
1179 4424 1319 4508 pretium
1342 4423 1378 4487 in
