3294 5118
341 331 383 394 80
720 303 1096 388 Psuuncmssunmum.

363 489 385 556 4
430 491 483 557 En
507 492 627 578 quite,
651 490 812 576 Oeanthe,
836 493 904 558 dies
928 494 1025 579 dedit,
1047 496 1101 560 hic
1124 495 1205 559 mihi
1229 499 1361 560 sancius

471 599 579 686 Atque
602 601 686 664 inter
708 601 809 667 festos
834 624 961 686 semper
982 603 1149 668 habendus
1173 604 1257 668 erih'

428 706 474 771 Te
488 710 651 800 snascente
673 729 795 773 nouum
818 708 939 773 Parcae
958 691 1103 775 ¹cecinere
1128 710 1244 793 puellis

472 813 646 879 Seruilium
670 817 703 878 ei
726 814 882 879 dederunt
904 834 1005 900 regne
1030 816 1168 898 superba
1191 815 1260 880 tibi.

373 936 388 984 5
426 919 512 985 Uror
535 941 595 1005 ego
620 923 694 984 ante
719 921 812 985 alias:
836 921 928 985 iuuat
950 920 1021 1006 hoc,
1045 919 1208 1005 Oerinlhe,
1231 923 1316 1006 quod
1340 944 1425 1007 uror,

472 1025 506 1091 Si
529 1027 590 1090 tibi
614 1027 653 1090 de
676 1027 770 1091 nobis
794 1031 924 1092 mutuus
949 1027 1035 1112 ignis
1062 1029 1162 1094 adest.

426 1133 558 1198 Mutuus
582 1133 668 1198 adsit
692 1156 793 1218 amor,
816 1156 874 1218 per
896 1138 929 1198 le
953 1134 1140 1200 dulcissima
1162 1135 1251 1200 furia

471 1239 594 1324 Perque
617 1243 691 1305 tuos
716 1242 826 1305 oculos
849 1263 906 1325 per
931 1240 1130 1325 Geniumque
1153 1263 1244 1328 rogo.

426 1345 546 1432 Magne
571 1345 660 1430 Geni,
685 1370 764 1431 cape
787 1351 860 1413 tura
884 1349 987 1412 libens
1012 1349 1159 1432 uotisque
1183 1350 1302 1433 fauete,

358 1469 390 1517 10
471 1451 506 1517 Si
529 1453 634 1537 modo,
657 1477 729 1518 cum
754 1453 791 1519 de
815 1477 865 1518 me
889 1455 1021 1540 cogitat,
1044 1455 1099 1519 ille
1123 1456 1215 1519 calet.

426 1557 519 1634 Quod
543 1559 568 1622 si
592 1559 676 1623 forle
701 1560 782 1624 elios
807 1559 879 1623 iam'
895 1581 980 1624 nunc
1004 1560 1147 1644 suspirat
1170 1583 1305 1647 amaneu,

470 1665 560 1729 Tune
583 1688 697 1749 precor
720 1666 846 1750 infidos,
870 1670 988 1750 sancte,
1011 1667 1155 1750 relinque
1178 1667 1278 1733 focca.

425 1770 493 1836 Nec
516 1775 551 1835 tu
576 1772 621 1836 sis
645 1772 775 1856 iniusta,
801 1772 924 1838 Uenus:
948 1775 999 1837 uel
1023 1773 1145 1838 seruiat
1169 1797 1268 1858 aeque

469 1878 607 1943 Uinatus
631 1881 766 1963 uterque
789 1880 859 1964 cibi,
882 1881 934 1944 uel
958 1903 1030 1944 mea
1053 1881 1160 1945 uincla
1185 1882 1267 1946 lena.

355 2004 385 2051 15
424 1984 487 2051 sed
510 1986 619 2074 potius
643 1985 751 2050 ualida
774 1988 942 2050 teneamur
964 1990 1099 2071 uberque
1125 1990 1248 2071 catena,

466 2093 567 2158 Nulla
591 2098 689 2178 queat
710 2094 847 2177 posthac
870 2116 929 2158 noe
954 2094 1091 2158 soluisse
1116 2094 1193 2159 dies.

423 2199 524 2284 opta
547 2201 632 2265 idem
655 2201 782 2265 iuuenis
807 2200 892 2284 quod
915 2222 985 2284 nos,
1009 2199 1065 2264 sed
1088 2201 1205 2265 tectius
1230 2205 1340 2285 optat:

465 2283 673 2390 Nam'pudet
696 2307 775 2370 haec
798 2307 890 2370 illum
913 2306 1016 2371 dicere
1040 2308 1140 2371 uerba
1163 2308 1280 2392 palam.

421 2413 466 2478 At
488 2418 533 2498 iu,
556 2412 696 2498 Natalis,
719 2413 872 2497 quoniam
896 2414 973 2478 deus
998 2415 1108 2479 omnia
1132 2415 1242 2500 sentia,

349 2537 383 2584 20
418 2503 420 2510 ¹
465 2519 594 2584 Annae:
618 2521 695 2604 quid
718 2520 826 2604 referi,
850 2521 975 2586 clamne
998 2520 1150 2602 palamne
1173 2519 1288 2606 roget?

798 2719 1010 2726 ...ἠ-ἡ

353 2875 374 2940 5
419 2876 548 2942 Natalis
572 2875 663 2960 Iunc,
687 2879 816 2942 sanctos
841 2899 917 2962 cape
940 2877 1022 2941 luris
1046 2865 1187 2959 aceruos,

345 2971 348 2978 ⁴
464 2983 552 3060 Quos
575 2983 637 3047 libi
661 2981 717 3047 dat
740 2985 851 3046 tenera
875 2983 970 3047 docta
992 2983 1100 3067 puella
1124 3005 1230 3047 manu.

376 3152 378 3158 .
420 3089 504 3154 'Pola
526 3089 587 3152 tibi
611 3088 872 3173 carbonaria
895 3112 929 3154 se
952 3089 1131 3156 laetissima
1154 3091 1301 3174 compsit,

468 3194 577 3260 Staret
599 3198 636 3259 ui
659 3199 734 3260 ante
757 3199 831 3260 tuos
854 3195 1077 3279 conspicienda
1100 3196 1199 3261 focca.

400 3390 467 3444 Via.
487 3409 559 3444 unci.
597 3387 626 3442 4.
655 3387 700 3442 Ad
719 3387 874 3442 cherintum
895 3388 929 3442 de
943 3388 1003 3442 eius
1014 3387 1106 3444 natali
1120 3391 1181 3456 atq3
1202 3405 1303 3444 amore.
1319 3391 1347 3443 ei
1360 3388 1476 3444 demum

329 3479 418 3535 oratio
437 3479 472 3532 erl
490 3493 630 3532 uenerem.
659 3477 719 3532 Rea.
748 3482 806 3530 Αἵ.
835 3476 878 3531 Ad
897 3476 1081 3531 cherinthum
1100 3481 1121 3528 0
1139 3493 1173 3530 ra.
1192 3493 1243 3532 rec.
1263 3479 1313 3532 aaa
1334 3480 1445 3533 ruciaco.
1465 3479 1475 3550 Η

330 3575 343 3621 1
364 3567 407 3622 En
426 3567 475 3637 qui
492 3567 607 3634 scripsi:
624 3566 675 3620 Est
693 3565 742 3634 qui
761 3571 780 3618 0
800 3567 867 3634 (aiei
885 3567 958 3635 qaod
977 3566 1022 3634 Sl,²
1041 3582 1091 3619 om.
1111 3565 1162 3618 litt.
1186 3566 1257 3634 iaia,
1277 3571 1299 3618 V
1317 3585 1352 3623 ra.
1373 3570 1398 3636 1)
1417 3567 1473 3633 Qui

327 3655 397 3709 mihi
415 3662 436 3708 r
457 3657 467 3724 ΙΙ
490 3662 507 3709 4
526 3654 662 3708 dederunt
680 3659 701 3706 0
722 3655 830 3712 Plana:
849 3655 985 3710 dedeianl
1002 3659 1053 3706 AV
1075 3657 1085 3724 l
1108 3660 1124 3708 5
1143 3653 1227 3724 alias,
1248 3673 1265 3710 a
1283 3673 1317 3710 ec
1336 3673 1404 3711 corr.
1424 3661 1447 3708 0
1465 3655 1475 3728 ll

328 3743 464 3798 6811101
483 3760 518 3798 ne
537 3743 572 3798 de
591 3743 671 3798 nobis
689 3745 735 3813 ΑΙΙ
758 3751 772 3799 7
792 3744 861 3799 assit
880 3748 899 3795 0
916 3747 920 3812 Ι
936 3759 986 3812 per
1004 3745 1033 3798 ie
1052 3747 1142 3798 AVF:
1161 3745 1190 3798 ie
1209 3761 1258 3812 per
1277 3745 1351 3814 flue
1370 3745 1474 3813 Magne

327 3834 410 3888 Itali:
430 3833 512 3886 Mane
531 3836 550 3883 0
571 3832 666 3886 Plura.
686 3832 767 3886 Alme
784 3832 905 3886 Paccius
921 3834 925 3899 l
941 3832 1025 3886 thura
1044 3837 1063 3884 0
1079 3833 1189 3889 Plana:
1209 3833 1282 3886 dona
1297 3849 1313 3890 ς
1326 3835 1336 3902 ΙΙ
1352 3840 1384 3887 10
1399 3833 1475 3887 calet

325 3923 412 3976 Itali:
431 3921 508 3976 ualet
527 3926 546 3973 0
564 3922 681 3978 uolet!
704 3923 713 3990 ΙΙ
738 3926 769 3974 11
795 3920 953 3989 suspiratg
978 3921 1089 3976 Plana:
1114 3921 1273 3991 suspirelo
1296 3922 1306 3990 ΙΙ
1330 3927 1363 3975 16
1382 3940 1432 3977 nos
1452 3927 1474 3974 0

327 4015 363 4081 (et
380 4017 402 4064 V
420 4030 455 4067 ra.
474 4012 514 4080 2):
533 4027 583 4064 cra.
603 4015 654 4063 AV
672 4029 706 4064 ra.
723 4017 736 4063 1
757 4011 789 4064 ia
808 4015 879 4079 spat.
900 4028 960 4066 acc.
985 4029 1070 4080 quam
1089 4013 1169 4079 Itali,
1186 4012 1280 4066 Plaut.
1295 4012 1305 4080 ΙΙ
1320 4017 1352 4065 17
1367 4009 1470 4064 tectius

326 4100 409 4154 Itali:
438 4099 526 4154 curius
550 4103 569 4152 0
600 4102 694 4156 Plaat.
718 4101 728 4170 ΙΙ
753 4104 784 4153 18
808 4100 880 4154 haec
902 4104 924 4151 0
949 4100 1057 4154 Plana:
1085 4100 1132 4154 hic
1154 4104 1205 4152 Av
1228 4101 1269 4168 (ia
1294 4100 1343 4154 hoc
1363 4115 1378 4152 c
1400 4105 1472 4154 cah

325 4189 474 4257 suprascr.)
489 4190 546 4259 [120
566 4190 674 4243 clamne
694 4190 825 4260 palamne
844 4204 860 4247 ς
882 4190 991 4244 Plana:
1011 4191 1119 4245 clamue
1138 4190 1268 4259 palamne
1288 4193 1306 4240 0

397 4277 426 4332 5.
463 4277 507 4331 Ad
526 4276 657 4331 iunonem
676 4276 884 4333 recomendatio
908 4276 1028 4347 puellae.
1062 4279 1122 4331 Rea.
1151 4282 1202 4330 AV
1229 4278 1273 4331 Ad
1297 4277 1473 4332 Iunonemfl

324 4385 357 4421 ra.
377 4383 428 4421 rec.
448 4367 499 4421 litt.
518 4369 630 4422 maiasa
644 4369 654 4438 ΙΙ
670 4373 682 4420 1
703 4367 794 4422 thuris
816 4372 834 4419 0
856 4368 952 4422 Plaat.
966 4368 976 4436 ΙΙ
994 4373 1010 4420 2
1030 4367 1101 4422 Lala
1120 4367 1254 4422 Gamerae
1273 4366 1410 4420 'solatae
1428 4368 1474 4420 esi

325 4457 452 4524 Gaietas;
471 4457 565 4511 malim
584 4455 666 4523 Culta
