3294 5118
563 308 842 365 EPIGRAMMATA.
878 306 1046 362 PRIAPEA.
1329 307 1372 372 85

313 474 408 541 Nunc
431 476 467 538 lu
490 471 585 538 fortis
609 472 683 557 eris,
706 494 792 536 nunc
814 475 852 536 tu
876 494 928 536 me
952 471 1104 535 eudesius
1128 492 1216 537 ures:

245 598 278 647 20
359 580 431 646 Hoc
454 579 580 664 peperit
602 579 720 645 misero
743 579 876 664 garrule
898 579 1010 664 lingua
1032 578 1163 643 malum.

314 687 386 756 Iam
409 687 527 752 faciem
552 687 774 771 quodcumque
797 686 897 769 uoles,
917 688 995 751 ,tuus
1019 707 1121 770 usque
1142 686 1289 770 manebo

358 793 426 860 Nec
449 794 576 878 fugiam
597 797 694 858 notae
718 792 887 858 seruilium
911 791 1070 877 dominae,

283 911 287 920 '
315 897 376 964 Sed
399 899 535 965 Ueneris
560 905 690 965 sunctae
714 900 880 966 considam
903 899 1032 964 mactus
1057 899 1097 964 ed
1121 921 1204 964 oras.

359 1006 450 1072 Haeo
470 1010 564 1072 notai
585 1007 724 1073 iniustos
749 1007 1012 1092 supplicibusque
1035 1007 1133 1072 fauet.

249 1255 269 1320 2
314 1256 439 1323 Rumor
462 1258 510 1322 sil
532 1259 645 1323 erebro
669 1260 818 1323 nostram
840 1279 973 1342 peceare
996 1257 1151 1341 puellam:

357 1364 454 1431 Nunc
473 1387 533 1450 ego
558 1387 608 1429 me
633 1366 739 1429 surdis
764 1364 896 1430 auribus
921 1387 992 1430 esse
1015 1364 1123 1430 uelim.

315 1469 460 1538 Crimina
482 1495 548 1538 non
570 1472 650 1537 haec
674 1475 750 1535 sunl
772 1474 885 1536 nostro
909 1471 978 1536 sine
1001 1471 1088 1536 fecta
1114 1471 1237 1539 dolore:

359 1578 442 1655 Quid
462 1579 615 1645 miserum
637 1583 780 1664 torques,
802 1601 915 1644 rumor
937 1578 1072 1644 acerbe?
1095 1582 1176 1645 loce.

640 1939 699 2012 VI.
741 1939 961 2013 PRIAPEA.

250 2147 268 2213 l
320 2148 456 2216 Uillicus
481 2149 585 2214 serari
608 2149 780 2235 quondam,
802 2172 888 2215 nunc
912 2150 1018 2216 cultor
1040 2150 1147 2235 agelli,

358 2255 447 2322 Haec
470 2257 532 2321 tibi
555 2256 748 2340 Perspectus
772 2259 904 2342 templa,
926 2257 1054 2341 Priape,
1077 2257 1159 2322 dioc.

315 2362 378 2428 Pro
402 2365 519 2448 quibus
544 2364 669 2449 officiis,
693 2366 721 2430 si
743 2365 793 2430 fas
818 2368 879 2451 est,
903 2369 1022 2449 sancte,
1044 2365 1199 2449 paciscor,

363 2470 523 2536 Assiduus
547 2475 655 2537 eustos
679 2472 764 2538 ruris
787 2476 825 2537 ul
848 2494 918 2537 esse
942 2473 1031 2557 uelis,

262 2593 277 2644 o
313 2577 485 2662 Improbus
508 2582 546 2642 ut
569 2579 669 2663 siquis
692 2582 843 2645 noslrum
866 2579 997 2644 uiolaril
1021 2580 1172 2665 agellum,

360 2685 456 2750 Hunc
478 2688 515 2750 iu
538 2723 580 2733 —
605 2687 661 2751 sed
683 2690 789 2752 leoco:
814 2687 887 2772 sois,
910 2691 1008 2772 puta.
1023 2688 1108 2771 quod
1131 2689 1287 2773 sequitur.

244 2932 265 2997 2
313 2933 396 3010 Quid
418 2935 481 3001 hoo
503 2937 581 3000 noui
605 2937 676 3002 est?
701 2937 778 3023 quid
801 2938 851 3002 iro
872 2938 1004 3022 nuntiat
1027 2937 1142 3003 deum?

297 3129 364 3185 Vin.
394 3149 467 3184 asca.
505 3136 538 3183 21
558 3129 645 3184 facies
659 3129 692 3186 L.
709 3131 863 3185 Muellerus
876 3133 886 3200 ΙΙ
900 3137 933 3186 22
952 3133 1020 3186 nolo
1035 3136 1057 3183 V
1075 3149 1109 3186 m.
1126 3137 1139 3184 1
1154 3133 1164 3202 l
1178 3137 1211 3185 23
1227 3131 1372 3186 considam

227 3223 248 3270 ὓ
266 3235 301 3272 m.
322 3225 347 3287 1,
367 3218 477 3274 Planta
502 3220 640 3274 confidam
658 3225 709 3273 AV
727 3224 752 3274 et
770 3225 792 3272 G
810 3219 834 3290 (f
850 3237 883 3276 ex
902 3221 982 3289 corr.)
1000 3219 1131 3289 {iunctus
1148 3223 1242 3290 Vss24
1261 3221 1374 3276 Haece

226 3306 320 3365 Plaal.
339 3309 375 3377 (et
392 3312 416 3359 V
434 3325 468 3364 oe.
490 3310 531 3378 2):
551 3310 610 3363 Nec
629 3313 679 3361 AV
697 3327 731 3364 m.
751 3316 764 3365 1

296 3396 325 3450 2.
362 3396 539 3452 Telrostioon
558 3397 592 3452 de
610 3397 727 3452 infamia
745 3414 793 3452 sue
816 3397 919 3467 puelle,
943 3397 1002 3453 Rce.
1027 3402 1077 3450 AV
1109 3397 1150 3452 De
1169 3397 1287 3453 infamia
1307 3415 1373 3453 suae

224 3482 340 3539 Puellae
359 3490 380 3537 ὓ
397 3503 431 3540 m.
451 3502 501 3540 rec.
521 3487 531 3555 ΙΙ
549 3492 565 3539 3
584 3485 661 3540 factu
680 3490 712 3539 0:
731 3486 798 3539 fiola
818 3486 914 3540 Plaat.
933 3485 1009 3540 iscla
1028 3486 1100 3541 Itali
1113 3488 1123 3556 ll
1137 3488 1169 3541 ia
1185 3487 1235 3541 hoc
1253 3488 1374 3542 carmine

224 3575 325 3628 desinit
343 3580 372 3644 G,
391 3577 440 3643 qui
456 3577 603 3631 subsorclu't
621 3575 717 3630 FINIS
735 3576 811 3629 rubr.

295 3664 342 3718 Vl.
379 3663 500 3734 Priapes
523 3666 629 3721 addidi.
654 3666 719 3720 haec
743 3665 798 3719 duo
817 3666 943 3719 earmina
961 3667 1044 3733 (later
1064 3666 1188 3736 Priapea
1207 3672 1249 3734 82,
1265 3670 1309 3735 83)
1328 3668 1372 3721 de·

223 3758 289 3807 suat
306 3755 338 3807 io
357 3757 389 3820 ος
414 3754 485 3808 iar
508 3755 580 3808 inter
605 3754 769 3808 Tibulliana
791 3755 922 3808 extabant
939 3758 1003 3808 teste
1020 3753 1160 3824 Scalipero
1179 3756 1211 3808 in
1231 3755 1371 3810 ‘commea-

224 3843 297 3897 tare'o
315 3843 346 3896 ia
366 3843 527 3911 Priapeia';
551 3844 624 3897 ande
642 3844 720 3897 illias
738 3845 871 3911 lectiones,
891 3843 982 3912 quoad
999 3844 1060 3896 erui
1078 3848 1238 3914 potuerant,
1265 3845 1309 3898 hic
1327 3861 1371 3898 ea·

224 3935 317 3999 oerpla
334 3937 406 3986 sant.
440 3936 589 3998 praeterr
608 3932 692 3985 eidem
711 3932 805 3998 adfuit
827 3933 925 3988 scheda
945 3931 1100 3986 Pithoeaao
1120 3932 1234 3988 ‘mediae
1252 3937 1371 3988 uetusta-

223 4019 280 4088 tis,
300 4037 318 4073 a
336 4021 415 4074 cobis
435 4019 534 4077 ‘Pau’
550 4023 618 4090 sipla
636 4026 740 4076 notata.

298 4107 324 4160 1.
362 4114 377 4160 2
397 4109 551 4178 Respectus
569 4110 716 4165 Reiaesias

296 4196 324 4250 2.
362 4196 424 4252 Hoc
450 4200 482 4253 ia
509 4200 630 4254 carmine
656 4200 744 4254 codici
770 4201 911 4269 reprimo
938 4201 1048 4256 obstant
1070 4202 1136 4256 libri
1157 4202 1372 4273 B(raceelleaee's),

223 4286 428 4355 marleiam),
451 4290 646 4358 Mammenses)
673 4305 706 4342 ac
729 4305 785 4343 cao
808 4291 882 4356 sonte
905 4306 985 4358 eoque
1013 4291 1197 4357 multifariam
1220 4291 1371 4359 deprauata

222 4375 346 4442 profecti.
367 4392 428 4430 eum
446 4377 489 4446 leis
506 4378 616 4444 saciant
634 4378 702 4431 libri
720 4379 826 4433 nauide
844 4395 912 4432 saec.
927 4379 987 4448 XV,
1001 4395 1118 4448 quoram
1130 4379 1280 4446 mammisea
1292 4381 1373 4435 habes

223 4465 255 4516 ia
283 4465 392 4536 Meyerr'
409 4465 495 4520 Acta.
514 4464 578 4519 Lat.
599 4467 719 4536 1696111
741 4468 783 4520 est
801 4466 875 4535 quod
888 4471 916 4521 Π
933 4471 936 4535 Ι
951 4466 1069 4522 nunciet
1085 4468 1140 4522 duo
1158 4482 1191 4521 ec
1208 4473 1236 4520 Ι
