3316 5114
276 347 316 402 VI
705 345 991 402 PROLEGOMENA.

276 531 337 594 que
374 510 409 574 in
442 508 603 574 Vaticana
639 508 830 574 adseruatos
865 509 945 574 locis
982 509 1106 594 aliquot
1138 532 1157 574 a
1188 530 1240 574 me
1272 509 1423 575 indicatis

277 615 450 700 conferret3
482 637 559 679 nam
582 615 753 699 quominus
776 615 861 700 ipse,
884 636 957 679 cum
980 637 1008 680 a.
1035 615 1181 699 1872s73
1205 615 1329 681 Itomae
1352 638 1423 680 uer-

278 723 387 807 sabar,
423 722 455 786 id
488 721 642 805 facerem,
681 742 753 785 cum
785 721 943 804 temporis
982 721 1150 806 angustiae
1182 724 1252 785 tum
1285 722 1423 787 aliorum

276 829 482 915 negotiorum
505 827 680 892 multitudo
703 827 928 911 prohibebant.
963 827 1018 891 sed
1043 830 1217 912 antequam
1242 829 1423 893 accuratius

220 947 223 953 '
277 958 315 1000 ea
347 935 465 1020 quibus
501 933 581 998 haec
613 956 699 1000 nona
735 933 834 1000 editio
868 934 1021 998 innititur
1057 934 1202 999 subsidia
1233 935 1424 1019 describam,

277 1063 379 1127 pauca
402 1039 642 1126 praemonenda
666 1042 751 1104 sunt.
787 1097 789 1101 .

365 1148 463 1214 Falsa
493 1151 543 1212 est
571 1146 738 1211 doctorum
766 1146 996 1212 nonnullorum
1028 1148 1152 1232 opinio,
1184 1170 1250 1214 non
1277 1149 1424 1213 lectitata

276 1253 380 1319 fuisse
404 1255 532 1318 saeculo
556 1251 635 1318 XIV
658 1252 782 1318 Tibulli
802 1251 955 1319 carmina
992 1253 1078 1338 quod
1101 1276 1173 1318 cum
1196 1253 1424 1320 Lachmanuus

280 1361 318 1425 de
360 1359 594 1424 uetustioribus
636 1358 801 1424 codicibus
842 1360 1040 1443 reperiendis
1081 1360 1255 1445 desperans
1297 1362 1425 1427 iecisset

279 1465 394 1552 [praef.
421 1465 462 1530 ad
488 1465 559 1530 Tib.
586 1488 617 1550 p.
641 1464 722 1549 71],
758 1465 801 1530 Μ.
828 1464 992 1550 Hauptius
1022 1468 1144 1550 [opusc.
1171 1467 1188 1532 I
1215 1491 1245 1553 p.
1274 1469 1339 1534 276
1364 1471 1423 1554 sq.]

278 1571 438 1638 Guilelmo
471 1575 557 1637 certe
588 1570 799 1656 Pastrengico
832 1568 1094 1657 (1290-1365)
1126 1573 1292 1639 Tibullum
1324 1575 1424 1640 fuisse

277 1683 392 1745 notum
421 1678 570 1743 ostendit.
593 1675 598 1686 '
617 1677 731 1742 scribit
757 1678 842 1742 enim
866 1677 920 1742 ille
948 1679 983 1742 in
1005 1678 1089 1743 libro
1114 1679 1153 1743 de
1177 1681 1356 1767 originibus
1378 1703 1426 1746 re·

279 1809 351 1850 rum
377 1785 447 1866 [fol.
470 1782 558 1866 88b]:
605 1783 705 1849 007070
726 1783 950 1868 Aepyplicrum
972 1787 1046 1850 deus
1068 1790 1179 1850 000700
1194 1789 1320 1868 primm
1341 1791 1428 1870 upucl

278 1892 444 1975 Aepyplu'os
468 1891 553 1971 fecit,
586 1895 701 1954 terrum
725 1890 810 1970 seruo
837 1891 1017 1956 sollicitauit
1042 1896 1072 1956 07
1093 1893 1253 1974 7000000070
1280 1890 1356 1979 (sic)
1383 1915 1426 1960 se·

278 1999 367 2064 00700
394 1997 557 2076 commisit,
590 2017 688 2079 poma
713 1997 753 2061 ub
780 1997 894 2080 ipuolc's
920 1997 991 2080 70077
1017 1997 1192 2084 oreatus,
1218 2000 1305 2082 pulis
1331 2002 1426 2066 077000

279 2106 426 2170 0077000077
455 2104 645 2185 070770οι000
676 2122 794 2168 0000000
825 2103 907 2168 dure
936 2103 1016 2184 falce
1049 2106 1171 2169 caedere
1201 2107 1304 2171 docuit
1332 2113 1362 2171 07
1389 2129 1426 2173 cu

279 2216 406 2276 0007000
427 2231 492 2275 urm
514 2210 623 2276 suauis
646 2209 778 2292 liquores
802 2212 956 2292 0000000077.
995 2211 1136 2276 Tibullus
1160 2211 1193 2292 [I
1217 2212 1246 2296 7,
1270 2213 1425 2296 29-361.

280 2339 362 2403 quos
392 2337 504 2381 uersus
534 2335 601 2381 non
630 2315 738 2399 potuit
764 2315 993 2401 Pastrengicus
1024 2317 1153 2382 haurire
1182 2318 1246 2382 nisi
1276 2341 1316 2383 ex
1345 2321 1425 2404 ipsis

280 2422 403 2488 Tibulli
433 2422 630 2487 carminibus
663 2423 827 2506 inspectis.
880 2445 957 2488 nam
985 2424 1159 2490 infeliciter
1190 2425 1225 2490 in
1254 2428 1426 2493 uerborum

279 2531 408 2597 illorum
435 2529 497 2594 fide
524 2529 683 2594 eleuanda
710 2533 859 2594 uersatus
884 2533 934 2594 est
955 2529 992 2596 L.
1014 2530 1188 2615 Muellerus
1218 2533 1330 2616 [praef.
1355 2535 1426 2600 Tib.

279 2660 310 2721 p.
329 2636 390 2718 V].
434 2637 533 2702 immo
556 2635 802 2722 Pastrengicum
824 2635 975 2701 Veronae
1004 2635 1170 2701 uolutasse
1198 2639 1341 2704 codicem
1369 2641 1426 2704 sli-

282 2766 377 2830 quem
400 2742 635 2826 Tibullianum‚
667 2741 839 2808 admodum
866 2743 1047 2827 probabilis
1076 2747 1126 2808 est
1151 2745 1297 2829 suspitio.
1342 2749 1427 2810 certe

281 2850 341 2915 tali
365 2871 441 2914 usus
465 2852 529 2933 est,
551 2851 587 2914 ni
610 2850 718 2916 omnia
735 2849 867 2934 fallunt,
890 2851 919 2914 is
938 2851 1003 2934 qui·
1017 2873 1044 2915 a.
1062 2850 1146 2915 1329
1169 2850 1265 2916 flores
1289 2853 1426 2919 auctori-

280 2960 387 3021 tatum
414 2955 586 3022 moralium
610 2951 758 3022 Veronae
789 2957 972 3041 composuit
1004 2956 1057 3038 [01.
1085 2979 1167 3041 quae
1196 2959 1231 3023 in
1258 2959 1357 3042 praef.
1386 2960 1426 3024 ad

282 3061 399 3128 Catull.
424 3085 455 3146 p.
473 3060 556 3126 VIII
583 3061 672 3143 dixi].
718 3062 757 3126 de
785 3063 875 3128 cuius
903 3083 1000 3146 opere
1027 3083 1113 3126 nunc
1142 3062 1280 3126 certiora
1308 3063 1426 3128 scimus

281 3168 451 3253 diligentia
485 3165 638 3233 Guilelmi
670 3167 793 3251 Meyeri
832 3167 885 3249 [cf.
917 3167 1013 3231 huius
1043 3167 1173 3232 libellus
1196 3167 1274 3232 -‘die
1304 3157 1426 3234 Samm-

281 3275 403 3360 lungen
435 3275 491 3339 der
523 3273 742 3359 Spruchverse
775 3273 830 3339 des
860 3274 1020 3339 Publilius
1054 3271 1180 3358 Syrus'‚
1216 3274 1303 3359 Lips.
1333 3277 1428 3363 1877,

282 3404 312 3466 p.
327 3382 368 3447 61
385 3384 477 3467 sqq.].
508 3383 612 3447 tribus
631 3385 739 3448 autem
758 3383 839 3448 locis
858 3382 894 3446 in
913 3403 1010 3466 opere
1028 3381 1087 3446 illo
1101 3380 1223 3446 Tibulli
1240 3381 1279 3446 fit
1296 3384 1427 3448 mentio.

283 3491 317 3552 et
338 3489 442 3572 primo
466 3488 587 3574 legitur
609 3509 683 3573 pag.
709 3490 742 3572 1,
765 3489 824 3554 col.
847 3490 884 3553 2:
918 3489 1048 3554 Titulus
1069 3489 1105 3552 iu
1128 3488 1205 3552 177700
1227 3489 1263 3552 de
1282 3490 1428 3570 felicitate

278 3597 429 3678 pauperis
451 3597 514 3660 0770
538 3595 566 3676 [I
585 3595 616 3678 9,
635 3594 691 3677 23]
724 3596 773 3660 Nc
792 3597 848 3660 libi
864 3595 994 3660 00770077
1011 3615 1079 3676 spes
1100 3595 1143 3660 sil
1152 3615 1278 3677 pcccurc
1297 3598 1427 3677 paruuli

282 3703 344 3768 Est
364 3702 437 3766 deus
459 3701 588 3766 occultos
609 3702 664 3782 qul
680 3706 766 3766 00707
786 3722 848 3766 csse
868 3701 963 3766 dolos.
994 3701 1067 3783 Ipse
1084 3702 1154 3765 dms
1175 3721 1280 3767 somuo
1298 3704 1428 3768 domitos

283 3810 415 3874 emittere
441 3829 544 3872 000000
571 3809 651 3892 copel
677 3813 706 3873 07
730 3809 847 3873 inultos
871 3809 942 3889 fula
971 3808 1096 3890 70000070
1123 3808 1213 3890 loqui.
1260 3808 1315 3873 sed
1340 3809 1427 3874 hunc

282 3915 389 3980 locum
427 3917 540 3980 auctor
574 3916 714 3999 sumpsit
748 3937 786 3979 ex
813 3913 972 4000 florilegio
1003 3914 1120 3999 gallico
1153 3913 1229 4002 (quo
1253 3917 1291 3980 de
1314 3919 1428 4000 postea

283 4018 426 4108 agetur),
458 4024 495 4085 ut
523 4025 556 4086 et
581 4021 696 4087 titulus
727 4021 778 4086 ‘in
804 4021 890 4086 libro
918 4019 957 4085 de
984 4020 1037 4084 fel.
1064 4042 1161 4104 paup.
1186 4020 1268 4086 uitc'
1296 4025 1329 4086 et
1355 4022 1428 4106 ipsa

284 4129 446 4213 scriptura
468 4128 570 4195 docet.
616 4149 712 4212 porro
735 4127 836 4192 habes
859 4148 934 4212 pag.
957 4128 1014 4212 24,
1036 4128 1095 4193 col.
1118 4129 1155 4193 2:
1193 4127 1321 4192 Titulus
1346 4127 1427 4212 [14‚

286 4236 342 4317 21]
376 4235 441 4300 Nec
467 4236 575 4300 700000
602 4237 674 4300 77700
702 4234 827 4300 cheris
847 4235 994 4317 periuria
1020 4236 1106 4300 00077
1132 4234 1233 4298 100770
1249 4254 1308 4316 per
1331 4240 1428 4301 terras
1480 4289 1484 4299 .

285 4345 314 4404 07
337 4341 427 4425 leupo
447 4342 529 4422 freta
550 4343 664 4423 ferum.
698 4377 737 4391 -
771 4340 971 4426 17000119,
996 4341 1030 4440 3]
1063 4340 1121 4406 Hc
1143 4341 1233 4404 miser
1258 4345 1288 4404 07
1308 4342 1337 4406 si
1358 4343 1429 4424 quis

279 4449 385 4532 priruo
409 4448 554 4528 periuria
580 4447 672 4514 001107
701 4447 780 4514 Seru
807 4453 909 4514 700000
937 4449 1048 4513 7007700
1068 4467 1154 4529 pena
1182 4447 1268 4512 00077
1288 4449 1442 4531 pedibus.
