3316 5114
326 339 417 396 XXIV
754 337 1039 396 PnonneonnnA.

324 503 423 588 primi
447 524 577 568 carmen
596 502 771 568 secundnm
794 501 908 590 (qnod,
933 504 961 568 si
979 502 1086 587 poesis
1106 502 1310 568 Tibullianae
1332 525 1472 568 morum·

327 631 388 694 que
412 611 619 696 antiquorum
649 634 722 676 enm
746 633 842 696 quem
864 633 924 694 par
947 614 998 676 est
1019 613 1201 695 respectum
1224 610 1339 696 habes,
1370 632 1474 696 παρα-

325 718 559 800 κλαυσίθυρον
583 723 634 784 est
657 719 752 802 plane
772 717 952 804 perfectum
976 718 1197 803 singularique
1221 721 1291 784 arte
1314 718 1475 802 composi-

326 822 410 909 tum)
434 823 602 910 Augustus
625 824 718 909 Man,
741 826 791 889 ni'r
814 826 1000 911 ceteroquin
1025 827 1151 904 acutus,
1174 825 1209 890 in
1232 828 1474 911 programmate

326 930 490 1014 gymnasii
519 929 837 1012 Glneckstadtiensis
858 955 886 996 a.
913 933 998 998 1866
1027 933 1113 998 edito
1143 931 1255 997 rudem
1283 916 1490 997 laciniamm⁸

327 1035 621 1102 diuersissimarnm
649 1037 769 1103 molem
798 1059 870 1104 esse
900 1040 1029 1124 statuit,
1060 1039 1158 1104 nimis
1186 1039 1310 1104 scilicet
1335 1043 1475 1124 angusta

326 1146 434 1207 mente
470 1144 617 1228 singulas
644 1148 753 1230 partes
782 1145 970 1210 examinans
1003 1167 1106 1230 neque
1133 1146 1249 1211 harum
1277 1146 1474 1230 perspiciens

329 1270 481 1330 conexus,
504 1273 584 1336 quos
607 1254 723 1335 poetae
747 1252 946 1337 cogitatione
964 1253 1098 1318 liberius
1122 1253 1282 1317 enclantis
1306 1253 1402 1318 ardor
1424 1275 1473 1318 ac·

328 1357 472 1422 curatius
496 1357 635 1422 indicare
660 1381 763 1443 saepe
779 1360 891 1424 omisit
913 1381 1057 1444 quosque
1080 1383 1120 1426 ex
1143 1360 1243 1425 animi
1267 1360 1397 1444 affectu,
1423 1361 1476 1426 cni

328 1465 384 1528 illc
417 1485 490 1528 cnm
521 1465 661 1529 maxime
693 1465 855 1552 indulget,
892 1465 1041 1552 indagari
1075 1469 1216 1549 oportet
1262 1467 1408 1551 equidem
1441 1467 1475 1530 in

328 1571 436 1655 priore
455 1571 540 1637 libro
563 1573 655 1656 (nam
674 1573 811 1637 alterum
831 1573 871 1636 ab
891 1573 962 1657 ipso
981 1572 1112 1637 Tibullo
1131 1572 1308 1656 inperfecte
1325 1574 1474 1638 relictum

329 1682 364 1742 et
385 1679 426 1743 ab
446 1679 514 1743 eius
539 1679 643 1744 amico
662 1679 801 1763 quodam
824 1701 891 1745 non
914 1681 966 1744 sat
984 1678 1136 1764 religiose
1160 1679 1283 1744 editum
1304 1704 1390 1746 nunc
1409 1704 1474 1747 non

328 1781 451 1869 moror)
487 1788 616 1868 praeter
647 1786 859 1870 paucissimas
891 1788 1023 1851 lacunas
1060 1785 1353 1872 nonnullorumque
1386 1788 1473 1854 disti·

329 1890 463 1956 chorum
489 1893 761 1976 transpositiones
789 1893 886 1976 plane
910 1892 1110 1958 necessarias
1138 1893 1185 1957 nil
1208 1894 1342 1978 grauius
1365 1896 1474 1960 tnrba-

329 2001 399 2063 tnm
427 2019 497 2063 esse
524 1998 808 2081 persuasissimum
835 1999 950 2066 habeo.
996 2023 1191 2085 quamquam
1218 2023 1277 2067 nec
1303 2002 1475 2068 defuerunt

328 2106 384 2190 qni
407 2107 531 2169 textum
552 2104 774 2170 Tibulliannm
797 2106 974 2171 acrioribus
998 2107 1148 2172 remediis
1174 2107 1317 2194 indigere
1341 2110 1474 2174 omnino

327 2215 501 2297 negarent3
538 2212 585 2276 sic
615 2211 792 2298 Hauptins‚
825 2213 887 2278 etsi
913 2213 1072 2278 Haasium
1104 2215 1226 2298 elegiae
1256 2215 1273 2279 I
1303 2217 1344 2281 10
1375 2216 1474 2279 finem

329 2321 411 2384 miro
436 2319 571 2384 consilio
595 2321 670 2402 post
691 2317 725 2383 ΙΙ
750 2323 766 2382 1
791 2319 994 2384 traicientem
1017 2322 1104 2385 recte
1127 2321 1343 2406 impugnanit,
1368 2320 1473 2384 falsis-

327 2426 407 2492 sime
435 2429 545 2490 tameu
573 2426 722 2514 omnibus
744 2427 1057 2511 transpositionibus
1086 2449 1192 2492 carere
1219 2449 1278 2492 nos
1301 2447 1407 2509 posse'
1425 2425 1471 2490 af·

330 2533 475 2597 firmauit
498 2534 621 2615 [opusc.
643 2530 693 2596 III
716 2555 747 2617 p.
770 2532 813 2597 35
838 2536 929 2619 sqq.].
967 2534 1120 2599 nimimm
1142 2533 1196 2598 hic
1219 2555 1345 2620 qnoque
1368 2533 1474 2597 media

327 2747 495 2833 ignauiam
522 2747 685 2832 fugientes
715 2769 811 2831 quarn
834 2746 966 2812 illorum
993 2748 1162 2812 lenitatem
1184 2745 1474 2830 temeritatemque,

327 2855 381 2939 qni
405 2852 562 2940 Scaligeri
587 2876 712 2918 summa
740 2875 813 2918 cnm
836 2853 967 2918 licentia
996 2854 1073 2920 olim
1098 2851 1206 2919 omnia
1233 2850 1473 2916 commiscentis

327 2962 508 3045 exemplum
538 2961 640 3026 secuti
668 2960 754 3024 nihil
781 2981 848 3024 non
877 2960 911 3024 in
935 2962 1091 3046 scriptore
1119 2960 1242 3025 scilicet
1263 2962 1332 3022 tam
1357 2957 1473 3021 misere

328 3070 480 3152 corrupto
518 3067 580 3131 sibi
613 3067 806 3151 permissum
839 3069 965 3151 putant.
1018 3066 1073 3130 sed
1106 3066 1160 3148 qui
1196 3067 1230 3129 in
1263 3063 1473 3128 admonendis

326 3174 518 3241 fortioribus
545 3174 837 3258 transpositionum
865 3173 1115 3255 lacunarumquc
1144 3168 1291 3233 medellis
1324 3169 1474 3233 cautione

329 3305 410 3368 opus
434 3303 506 3346 esse
525 3281 606 3366 dioc,
629 3281 713 3346 idem
736 3282 855 3346 iterum
873 3281 1054 3364 iterumque
1078 3297 1193 3342 moneo
1216 3299 1256 3342 ne
1280 3276 1315 3341 in
1336 3276 1473 3360 singulis

329 3389 451 3473 uerbis,
484 3388 613 3474 qnando
642 3389 800 3454 sermonis
827 3387 923 3452 latini
955 3386 1097 3471 artisque
1125 3385 1272 3469 poeticae
1299 3384 1387 3468 leges
1418 3386 1474 3447 ant

328 3521 442 3563 sensns
466 3497 647 3564 communis
672 3500 729 3561 aut
751 3495 876 3560 dicendi
898 3494 1125 3580 cogitandique
1148 3494 1233 3557 ratio
1255 3492 1378 3557 Tibulli
1401 3513 1473 3575 pro·

327 3605 399 3689 pria
432 3608 488 3669 aut
521 3605 604 3670 aliae
637 3604 773 3688 denique
805 3623 920 3668 causae
953 3601 1171 3685 corruptelam
1202 3597 1366 3677 euinmnt,
1399 3619 1474 3662 oon·

328 3713 468 3777 iecturas
498 3710 744 3775 reformidemus
778 3709 832 3773 nel
863 3707 1072 3773 uiolentiores
1101 3709 1200 3788 utque
1233 3705 1391 3770 rationem
1420 3704 1474 3768 hic

328 3821 365 3883 ut
387 3817 506 3903 ubique
529 3817 686 3900 optimam
711 3837 885 3900 sequamur
903 3813 1016 3879 ducem
1040 3816 1073 3877 ct
1095 3811 1206 3876 demus
1230 3811 1329 3876 etiam
1353 3810 1474 3894 aliquid

328 3925 438 3991 indicii
456 3924 646 4010 elegantiae,
664 3945 746 4009 qnae
764 3923 800 3986 in
816 3919 1066 4007 interpretandis
1086 3918 1355 4004 emendandisque
1369 3917 1474 4003 poetis

326 4034 395 4098 fere
418 4032 491 4116 plns
514 4032 631 4096 mentis
655 4031 801 4097 acumine
824 4031 919 4096 ualet

416 4139 466 4205 De
499 4139 571 4203 aliis
601 4137 845 4224 quaestionibus
877 4137 1016 4202 maxime
1047 4137 1087 4201 ad
1115 4135 1238 4201 Tibulli
1267 4133 1370 4198 uitam
1378 4128 1409 4218 ²¹²)
1442 4134 1475 4196 et

331 4301 543 4314 W

399 4389 425 4460 *)
444 4405 478 4444 ea
496 4403 568 4456 qnae
587 4385 621 4442 de
636 4384 742 4441 Tibulli
760 4402 823 4440 cum
842 4385 923 4441 Delia
941 4401 1035 4440 amore
1054 4385 1072 4440 1.
1087 4384 1105 4440 l
1125 4382 1269 4452 disputata
1287 4380 1351 4434 sunt
1369 4377 1473 4435 nollem

328 4497 416 4550 nuper
429 4475 585 4534 inconsulte
599 4475 793 4547 impugnasset
803 4474 1014 4533 nummarius
1025 4473 1107 4545 [mus.
1118 4471 1207 4526 Rhen.
1219 4468 1322 4523 XXXII
1331 4473 1382 4522 445
1391 4467 1474 4538 sqq.].
