3316 5114
736 350 883 404 TIBULLI
901 350 968 405 LIB.
988 351 1009 408 Ι,
1029 357 1078 407 2..

456 511 615 595 Uulneret
638 516 694 576 aut
717 515 810 595 rapta
832 513 979 595 praemia
1002 516 1095 578 ueste
1118 518 1217 598 petat.

413 620 566 704 Quisquis
590 639 698 683 amore
721 621 865 702 tenetur,
890 624 943 685 eat
965 623 1118 704 tutusque
1143 643 1295 706 sacerque

342 744 376 791 30
458 725 621 801 Qualibet:
645 724 780 790 insidias
799 747 865 790 non
888 726 1035 790 timuisse
1059 727 1158 793 decet.

413 831 490 897 Non
513 831 594 895 mihi
616 833 713 916 pigra
735 836 853 896 nocent
874 833 1027 923 hibernae
1051 834 1175 920 frigora
1197 835 1315 918 noctis,

459 937 535 1003 Non
558 939 650 1022 mihi,
674 961 747 1004 eum
771 939 874 1003 multa
898 939 1017 1005 decidit
1038 941 1142 1007 imber
1159 965 1258 1026 aqua.

412 1043 489 1110 Non
511 1045 604 1110 labor
626 1045 680 1109 hic
703 1045 816 1129 laedit,
838 1049 961 1110 reseret
983 1047 1078 1112 modo
1097 1046 1192 1114 Delia
1215 1052 1326 1132 postes

347 1197 350 1204 ,
457 1152 502 1217 Et
523 1134 619 1218 uocet
643 1153 683 1218 ad
707 1152 800 1236 digiti
819 1173 870 1216 me
892 1153 1057 1218 taciturna
1081 1175 1206 1220 sonum.

342 1275 376 1322 35
412 1258 540 1323 Parcite
563 1259 752 1342 luminibus,
777 1280 833 1323 seu
855 1260 907 1322 1111
931 1280 986 1323 seu
1009 1260 1132 1325 femina
1153 1261 1212 1325 fiat

458 1365 575 1430 Obuia:
599 1365 697 1429 celari
719 1365 791 1429 uult
814 1387 872 1429 sue
895 1364 983 1429 furta
1006 1365 1125 1431 Uenus

411 1471 483 1536 Neu
507 1473 645 1556 strepitu
667 1475 785 1536 terrete
809 1472 927 1556 pedum
949 1494 1012 1536 neu
1033 1473 1177 1557 quaerite
1201 1496 1320 1540 nomen

457 1578 530 1642 Neu
553 1601 655 1662 prope
677 1579 818 1663 fulgenti
841 1579 964 1643 lumina
982 1579 1065 1644 ferte
1087 1580 1166 1645 face.

416 1683 522 1768 Siquis
546 1687 579 1748 01
602 1684 787 1767 imprudens
812 1686 986 1768 aspexerit,
1010 1687 1136 1751 occulat
1159 1687 1213 1751 ille

342 1806 376 1852 40
456 1790 581 1874 Perque
604 1791 680 1854 deos
705 1791 809 1854 omnis
834 1813 868 1855 se
892 1791 1076 1856 meminisse
1100 1796 1209 1877 neget:

412 1894 498 1960 Nam
521 1895 619 1960 fuerit
642 1897 832 1980 quicumque
855 1898 981 1981 loquax,
1004 1899 1031 1962 is
1057 1899 1212 1983 sanguine
1236 1903 1358 1983 natam,

457 2002 489 2067 Is
512 2001 672 2067 Uenerem
696 2025 712 2066 e
736 2003 849 2068 rabido
874 2005 991 2068 sentiet
1010 2026 1079 2069 esse
1103 2007 1193 2070 mari.

412 2109 481 2174 Nec
504 2113 616 2174 tamen
638 2110 714 2174 huic
737 2110 845 2174 credet
868 2111 1007 2180 coniunx
1030 2115 1119 2196 tuus,
1142 2118 1179 2177 ut
1202 2113 1283 2178 mihi
1306 2135 1404 2178 uerax

457 2215 608 2281 Pollicita
632 2219 682 2280 est
704 2217 832 2301 magico
856 2237 935 2302 saga
958 2218 1149 2284 ministerio.
1254 2251 1256 2256 v

342 2339 375 2387 45
412 2322 505 2387 Hanc
529 2343 589 2407 ego
614 2322 652 2387 de
676 2323 764 2387 caelo
788 2323 958 2388 ducentem
982 2323 1086 2388 sidera
1108 2324 1185 2408 uidi,

456 2426 613 2494 Fluminis
637 2429 717 2494 haec
740 2430 846 2513 rapidi
870 2431 1010 2495 carmine
1033 2432 1134 2496 uertit
1156 2431 1227 2512 iter,

412 2533 502 2598 Haec
526 2538 623 2600 cantu
646 2536 801 2619 finditque
826 2537 929 2602 solum
953 2560 1128 2621 manesque
1152 2541 1306 2624 sepulcris

336 2715 340 2723 ⁴
457 2640 557 2706 'Elicit
580 2645 613 2706 et
635 2643 744 2726 tepido
764 2638 902 2708 deuocat
926 2666 1001 2709 ossa
1023 2666 1117 2730 rogo:

412 2747 482 2812 Iam
504 2752 595 2814 tenet
617 2749 761 2814 infernas
785 2751 912 2834 magico
937 2752 1073 2817 stridore
1097 2757 1254 2840 cateruas,
1361 2787 1363 2792 ·

342 2869 376 2918 50
453 2854 527 2919 'Iam
550 2857 641 2921 iubet
663 2879 811 2941 aspersas
835 2857 919 2922 lacte
942 2858 1062 2924 referre
1086 2861 1209 2944 pedem.

414 2959 496 3026 (lum
519 2964 612 3046 libet,
635 2964 715 3028 haee
737 2964 825 3028 tristi
849 2965 982 3049 depellit
1004 2968 1118 3033 nubila
1142 2970 1244 3034 caelo:

458 3067 540 3135 Cum
561 3070 651 3152 libet,
675 3070 815 3136 aestiuas
840 3076 998 3137 conuocat
1021 3096 1075 3138 ore
1098 3076 1199 3141 niues.

414 3175 491 3241 Sola
513 3179 623 3241 tenere
646 3179 749 3242 malas
773 3176 906 3242 Medeae
929 3179 1046 3243 dicitur
1069 3180 1197 3267 herbas,

458 3281 534 3346 Sola
556 3283 642 3349 feros
666 3283 805 3354 Hecates
829 3285 1051 3368 perdomuisse
1075 3309 1179 3352 canes

342 3406 375 3455 55
413 3390 503 3455 Haec
526 3389 606 3454 mihi
630 3389 812 3473 composuit
835 3395 963 3476 cantus,
987 3393 1058 3478 quis
1081 3394 1193 3460 fallere
1215 3419 1344 3481 posses:

456 3497 520 3561 Ter
543 3518 636 3579 cane,
654 3500 704 3560 ter
727 3496 820 3562 dietis
845 3499 964 3583 despue
988 3501 1194 3566 carminibus.

456 3706 532 3772 Non
556 3709 631 3793 sibi,
655 3710 740 3775 siin
762 3713 853 3776 molli
876 3703 994 3777 uiderit
1017 3713 1087 3796 ipse
1110 3717 1192 3779 toro.

412 3813 476 3900 (Tu
499 3818 609 3900 tamen
628 3817 792 3882 abstineas
817 3818 904 3882 aliis:
928 3840 1005 3882 nam
1029 3822 1136 3884 cetera
1159 3827 1267 3887 cernet

1639 2307 1640 2358 l

411 3600 470 3665 Ille
489 3603 571 3667 nihil
595 3604 715 3684 poterit
737 3603 776 3668 de
798 3605 894 3670 nobis
919 3606 1045 3670 credere
1066 3607 1224 3693 cuiquam,

393 4043 461 4100 Vsu.
481 4065 553 4099 11101.
591 4052 624 4100 33
645 4045 747 4100 conieci
769 4044 833 4099 Non
850 4063 925 4101 noua
943 4046 991 4101 nix
1018 4047 1107 4102 laedit
1128 4050 1138 4118 11
1160 4056 1194 4104 35
1218 4051 1269 4105 fias
1293 4054 1389 4122 01136
1415 4053 1464 4108 Ce-

321 4132 374 4186 lari
393 4163 428 4172 —
446 4133 541 4188 Uenus
563 4137 624 4190 hob.
649 4135 797 4204 11101137
821 4135 864 4190 110
883 4137 976 4206 01140
995 4138 1085 4192 omnis
1105 4147 1138 4192 G:
1158 4156 1253 4195 omnes
1271 4145 1322 4192 AV
1340 4143 1349 4210 11
1368 4149 1411 4209 41,
1430 4149 1463 4196 42

321 4223 420 4277 babeat
438 4222 586 4292 11110142
604 4224 702 4278 rabido
723 4225 855 4280 Paccius:
874 4225 973 4296 rapido
992 4231 1010 4278 0
1030 4226 1106 4282 Fris.
1124 4231 1128 4298 1
1145 4228 1247 4282 sentiet
1261 4234 1279 4281 0
1294 4229 1385 4284 Fris:
1405 4248 1464 4286 sen-

321 4311 375 4367 tiat
398 4314 484 4382 ς1143
505 4311 605 4366 coniux
623 4313 667 4382 011
685 4319 719 4367 46
738 4314 874 4369 Fulminis
893 4330 934 4383 gs
947 4315 957 4384 11
970 4320 1005 4369 50
1024 4315 1109 4386 lacte]
1130 4319 1152 4366 V
1170 4317 1202 4370 ia
1220 4333 1272 4387 rap.
1291 4335 1325 4372 m.
1345 4326 1360 4372 2
1380 4320 1438 4393 lete
1457 4318 1465 4392 11

322 4406 355 4456 52
379 4401 550 4456 aestiuas-
572 4417 619 4455 010
638 4405 672 4456 G:
695 4401 856 4457 00011110-
876 4404 942 4458 orbe
966 4408 1016 4456 AV
1038 4406 1048 4474 11
1072 4409 1107 4458 04
1129 4403 1244 4459 hecates
1268 4415 1301 4461 01
1324 4408 1424 4464 hecate
1442 4414 1465 4462 Δ

322 4489 421 4562 echatq
440 4493 463 4540 V
479 4489 483 4556 1
498 4489 678 4559 perdonuisee
697 4492 790 4560 Δ1105
809 4492 869 4546 Neo
887 4491 958 4546 mihi
975 4496 1007 4560 V,
1025 4508 1095 4548 corr.
1113 4509 1146 4547 m.
1162 4498 1178 4546 2
1193 4510 1245 4564 rap.
1260 4497 1269 4565 11
1284 4496 1465 4552 5811101οΗ
