3316 5114
576 425 578 428 Ι
633 338 921 396 11111111111.
1256 336 1348 392 xxm

204 508 347 571 amatore
375 507 508 590 questus
537 507 589 568 est
616 504 770 587 cuiusque
797 502 940 566 studium
968 521 1063 590 omne
1091 501 1349 584 omnitempore

203 611 236 675 id
258 612 322 676 fuit
344 615 381 676 ut
397 612 539 696 puellam
564 611 604 674 ad
621 609 719 673 fidem
743 608 936 673 semandam
960 610 1189 690 commoneret,
1213 606 1349 671 eundem

202 720 268 784 iam
291 717 457 783 credemus
480 715 566 780 ultro
586 715 713 780 lenonis
737 737 870 799 operam
889 717 1054 798 praestare
1072 713 1157 778 uelle
1176 713 1349 806 furtimque

204 826 245 891 ad
268 825 412 891 occultos
437 823 572 907 amicos,
600 823 634 887 id
658 825 708 888 est
730 821 771 886 ad
794 825 971 902 amatores,
1002 821 1157 887 feminam
1182 842 1274 886 suam
1297 821 1351 885 de-

204 930 399 998 ducturum?
421 952 488 996 non
505 933 626 996 norunt
643 929 750 995 hercle
769 929 935 994 Tibullum
953 929 1009 1014 qui
1027 929 1110 994 talia
1128 928 1350 1013 comprobant.

204 1060 309 1122 neque
335 1037 435 1102 uerba
462 1037 521 1102 illa
546 1037 582 1101 in
605 1040 710 1101 totum
734 1037 896 1122 quadrant
918 1036 1041 1121 locum,
1073 1058 1136 1120 quo
1159 1040 1257 1122 poeta
1284 1057 1350 1100 non

206 1145 299 1210 aliter
321 1167 418 1229 quam
441 1147 580 1228 patrono
605 1144 755 1209 clientem
778 1134 891 1208 Deliae
919 1129 1172 1208 se'seruiturum
1196 1144 1351 1228 uariaque

202 1275 260 1337 per
291 1252 456 1337 publicum
487 1251 649 1317 incedenti
683 1250 790 1316 officie
820 1251 1054 1334 praestiturum
1085 1251 1249 1336 promittit
1284 1250 1350 1336 (uu.

202 1358 357 1446 61-64).
396 1359 475 1443 iam,
498 1358 659 1444 quomodo
682 1358 821 1422 ministri
845 1381 977 1423 munere
1000 1360 1170 1424 functurus
1195 1359 1239 1424 111
1261 1363 1350 1443 post·

203 1487 299 1548 quam
323 1486 386 1550 quo
408 1464 457 1536 illi
480 1463 543 1529 iter
561 1465 630 1528 erat
653 1461 708 1549 (ad
727 1462 913 1549 aurificem,
937 1462 977 1529 ad
996 1467 1133 1529 matrem
1158 1468 1215 1529 aut
1233 1485 1349 1549 cogna-

203 1574 285 1656 tam,
319 1572 360 1635 ad
388 1569 537 1635 amicam'
565 1567 640 1657 eet.)
672 1574 864 1655 peruentum
896 1574 959 1655 est,
999 1570 1133 1636 Tibullo
1165 1593 1216 1636 un.
1246 1572 1289 1637 65
1318 1575 1351 1636 et

204 1678 246 1742 66
270 1677 494 1762 exponendum
517 1683 574 1743 est.
613 1701 688 1744 rara
710 1679 812 1764 igitur
834 1679 990 1744 felicitate
1012 1679 1066 1742 hic
1088 1700 1201 1742 uerum
1224 1677 1306 1742 uidit
1328 1693 1351 1758 g

203 1781 364 1849 ‘amictus'
387 1786 589 1869 reponend03
621 1785 654 1850 id
683 1785 769 1869 quod
796 1786 831 1850 in
857 1785 1025 1852 nonnullis
1052 1801 1072 1853 ς
1098 1787 1264 1867 receptum
1293 1787 1351 1848 est.

203 1891 346 1956 nondum
365 1894 476 1956 tamen
492 1914 607 1957 uersus
626 1895 821 1976 personatus
841 1895 904 1976 est,
928 1915 1001 1957 cum
1024 1914 1081 1956 cur
1100 1889 1235 1956 ‘furtim'
1255 1894 1352 1975 poeta

204 1999 343 2064 amictus
377 1998 568 2064 deducturus
601 1999 645 2063 sit
681 1996 759 2084 (qua
791 2021 864 2064 cum
896 1999 1060 2064 locutione
1095 1998 1134 2062 cf.
1167 1997 1350 2062 simillimae

203 2104 357 2170 ‘tunicam
385 2104 551 2170 deducere'
580 2104 666 2189 apud
694 2104 845 2170 Ouidium
876 2102 1124 2188 [am.17,47]
1154 2108 1187 2168 et
1215 2102 1351 2168 ‘uestem

204 2209 369 2277 deducere'
393 2212 478 2296 apud
501 2209 641 2277 Statium
665 2196 797 2292 [1111
821 2207 920 2297 34η)
945 2233 1042 2276 curue
1066 2209 1209 2276 ‘occulti'
1232 2211 1280 2276 illi
1304 2210 1349 2275 di-

203 2322 318 2382 cantur
339 2318 529 2402 neutiquam
551 2319 775 2403 perspiciatur.
819 2319 908 2401 lege:

337 2476 463 2561 Pauper
487 2477 527 2540 ad
550 2476 612 2542 hoc
636 2477 758 2542 cinctos
781 2477 901 2561 raptim
924 2475 1060 2543 deducet
1083 2477 1219 2544 amictus

205 2658 282 2701 nam
304 2636 383 2701 illud
408 2634 459 2701 ‘ad
478 2635 550 2701 hoc'
575 2637 674 2724 (quod
693 2639 781 2703 ualet
804 2637 997 2725 ‘praeterea
1020 2639 1179 2726 insuper')
1204 2639 1348 2725 apprime

203 2743 267 2808 huc
291 2744 455 2830 conuenit,
479 2767 551 2810 cum
575 2768 594 2810 1
616 2745 794 2811 minoribus
818 2747 860 2810 ad
882 2747 1006 2811 maiora
1029 2746 1137 2810 officia
1155 2750 1349 2811 transeatur.

205 2871 243 2913 ex
265 2871 368 2932 paruo
393 2854 501 2915 autem
524 2852 618 2917 initio
642 2852 758 2937 ingens
780 2851 837 2916 illa
860 2853 1071 2935 interpolatio
1096 2855 1168 2918 orta
1191 2856 1248 2917 est
1284 2853 1348 2937 pri-

205 2954 303 3018 mitus
328 2957 414 3020 enim
436 2956 502 3021 leni
524 2957 605 3021 uitio
630 2958 786 3042 scriptum
810 2961 880 3022 erat
902 2957 955 3022 ‘ad
979 2957 1149 3042 occultos'3
1170 2957 1248 3028 hinc
1270 2958 1349 3024 scio-

203 3061 254 3126 lus
277 3062 340 3127 1111
363 3064 436 3129 aeui
459 3061 671 3150 Carolingici,
699 3087 772 3130 cum
795 3065 987 3150 praesertim
1011 3067 1135 3131 certum
1157 3066 1228 3131 uiae
1251 3065 1348 3130 finem

203 3167 379 3234 desiderari
410 3174 552 3256 putaret,
588 3170 711 3236 urendo
744 3173 945 3257 secundoque
980 3174 1122 3238 mutauit
1154 3177 1273 3258 cetera,
1309 3173 1348 3238 de

203 3277 382 3343 sententiae
414 3285 517 3363 11111Ι
541 3279 686 3344 restituit
716 3280 928 3362 peruersitate
961 3300 1102 3346 securus.
1134 3261 1349 3365 ¹quantopere

203 3388 312 3450 autem
335 3390 553 3451 commentum
576 3408 675 3470 supra
697 3387 860 3470 prolatum
883 3389 1027 3471 praestet
1047 3387 1183 3450 aliorum
1206 3385 1347 3451 inuentis

203 3489 315 3575 (Statii
347 3492 393 3558 ‘et
422 3495 567 3559 excultos
597 3492 711 3558 furtim
741 3492 876 3557 deducet
906 3490 1056 3557 amictus'
1090 3495 1122 3556 et
1151 3491 1274 3576 Heynii
1304 3492 1350 3558 ‘et

204 3621 354 3665 excussos
386 3599 408 3666 f.
439 3600 568 3678 deducit
597 3597 777 3686 amictus')‚
813 3621 881 3664 non
911 3601 960 3664 est
989 3599 1075 3684 quod
1102 3599 1249 3684 pluribus
1277 3622 1348 3685 per-

205 3724 329 3785 sequar.

294 3809 406 3895 Itaque
428 3815 464 3878 in
484 3815 604 3881 Tibulli
628 3815 852 3880 emendatione
875 3835 942 3880 non
965 3815 1066 3880 nimia
1089 3836 1161 3879 cum
1185 3814 1348 3881 anxietate

203 3915 415 3982 insistendum
442 3922 493 3984 est
519 3922 650 4007 litteris,
681 3921 737 3986 sed
766 3922 939 3990 audaciora
965 3920 1127 3986 interdum
1155 3925 1232 3988 suut
1259 3922 1347 3986 adhi-

203 4023 311 4088 benda
333 4024 481 4089 remedia.
526 4028 611 4111 quod
633 4051 699 4094 non
721 4029 769 4093 ita
791 4029 890 4093 uelim
914 4032 1095 4113 acceptum,
1118 4029 1209 4114 quasi
1232 4029 1348 4094 ultima

203 4152 275 4194 cum
312 4131 494 4196 temeritate
529 4135 756 4218 progrediendi
793 4157 983 4221 summaque
1019 4135 1158 4200 faciendi
1194 4136 1260 4201 ima
1295 4137 1346 4200 ius

203 4240 461 4324 potestatemque
487 4239 582 4304 nobis
610 4239 680 4305 dari
707 4242 906 4307 existumem.
952 4243 1018 4308 scio
1047 4243 1133 4308 enim
1160 4243 1346 4308 etiamnunc

202 4366 271 4411 non
291 4369 411 4432 paucos
435 4369 505 4413 1111
528 4348 655 4433 doctos,
685 4347 741 4433 qui
763 4348 799 4411 in
821 4348 987 4414 nonnullis
1010 4350 1122 4434 elegiis
1144 4349 1192 4412 nil
1214 4349 1277 4413 nisi
1299 4348 1346 4413 la-

203 4473 277 4516 cera
300 4452 497 4540 disiectaque
519 4455 704 4542 fragmenta
732 4477 898 4541 superesse
925 4458 1102 4522 autument.
1147 4455 1249 4522 ueluti
1271 4455 1346 4520 libri
