3294 5118
314 301 356 365 64
694 299 1068 354 PSEUDOTIBULLIANA.

401 464 494 541 Quod
519 464 546 527 si
569 484 647 526 uera
670 466 790 526 canunt
814 461 912 526 sacris
936 462 1066 526 oracula
1089 460 1228 544 templiS,

445 569 534 635 Haec
557 568 606 633 illi
628 572 742 634 nostro
766 569 896 633 nomine
920 568 1008 632 dicta
1030 566 1127 631 refer:

401 675 472 739 Hoc
490 674 553 738 tibi
577 673 763 758 coniugium
787 675 948 759 promittit
971 674 1084 739 Delius
1107 675 1191 758 ipsc,

331 800 365 847 80
445 781 537 846 Felix
559 782 634 846 hoc:
658 783 757 846 alium
780 781 889 846 desine
909 780 992 845 uelle
1014 778 1142 845 uirum?

400 888 501 972 Dixit,
523 891 557 950 et
578 887 717 972 ignauus
742 887 875 952 defluxit
898 909 1030 971 corpore
1055 908 1196 952 somnus,

444 994 490 1079 A,
514 1015 574 1079 ego
597 1017 663 1059 non
686 1017 818 1079 possum
841 997 934 1058 tanta
956 995 1065 1059 uidere
1088 994 1186 1058 mala!

402 1099 471 1165 Nec
493 1099 554 1163 tibi
577 1099 765 1165 crediderim
788 1100 875 1164 uotis
899 1101 1061 1165 contraria
1084 1104 1162 1166 uota

445 1205 514 1271 Nec
537 1209 665 1271 tantum
688 1207 809 1272 crimen
832 1209 963 1290 pectore
982 1206 1088 1271 inesse
1112 1210 1178 1272 tuo.

331 1329 364 1377 so
401 1311 486 1376 Nam
509 1316 541 1377 te
564 1335 624 1377 nec
646 1314 733 1376 uasti
756 1315 937 1397 genuerunt
960 1334 1099 1396 aequora
1121 1314 1214 1396 ponti

445 1418 514 1484 Nec
536 1419 700 1484 flammam
723 1421 857 1484 uoluens
882 1441 937 1483 ore
961 1416 1133 1484 Chimaera
1155 1419 1224 1485 fero

401 1526 468 1591 Nec
493 1528 581 1591 canis
606 1527 768 1611 anguinea
790 1525 958 1590 redimitus
980 1528 1073 1610 terga
1096 1530 1236 1606 caterua,

445 1631 506 1696 (tui
528 1636 595 1697 tres
620 1637 697 1697 sunt
718 1632 849 1716 linguae
872 1632 1148 1717 tergeminumque
1172 1638 1276 1717 caput,

402 1739 571 1824 Scyllaque
596 1740 775 1824 uirgineam
799 1738 934 1803 canibus
958 1740 1120 1804 succincta
1142 1741 1289 1825 figuram,

329 1865 363 1913 90
444 1845 567 1910 Necte
591 1850 778 1930 conceptam
802 1868 899 1910 saeua
922 1846 1035 1911 leaena
1057 1847 1141 1930 tulit,

400 1953 546 2018 Barbara
568 1973 626 2016 nec
650 1950 802 2035 Scythiae
826 1953 922 2017 tellus
945 1953 1146 2017 horrendaue
1170 1951 1284 2039 Syrtis,

446 2058 508 2124 sed
531 2060 618 2124 culta
641 2062 674 2123 et
697 2058 785 2123 duris
808 2081 875 2124 non
898 2059 1074 2125 habitanda
1098 2060 1210 2124 domus

400 2167 445 2231 Et
466 2166 564 2253 longe
587 2169 662 2230 ante
685 2165 765 2230 alias
790 2187 900 2230 omnes
923 2166 1095 2238 mitissima
1118 2171 1222 2231 maier

442 2273 538 2363 Isque
561 2275 653 2356 pater
676 2294 739 2356 quo
762 2293 828 2336 non
851 2271 933 2336 alter
956 2272 1136 2336 amabilior.

329 2397 363 2447 ss
400 2380 488 2446 Haec
512 2379 589 2443 deus
613 2379 648 2442 in
670 2379 785 2443 melius
809 2377 951 2442 crudelia
973 2379 1099 2442 somnia
1121 2384 1228 2470 uertat

443 2488 488 2551 Et
510 2487 619 2551 iubeat
641 2484 767 2568 tepidos
790 2485 882 2549 irrita
905 2485 987 2550 ferre
1011 2486 1125 2551 Notos.

333 2792 354 2856 5
400 2791 468 2856 Uos
491 2792 588 2872 tenet,
610 2788 757 2853 Etruscis
781 2791 894 2852 manat
916 2811 997 2872 quae
1016 2789 1161 2854 fontibus
1184 2790 1280 2874 unda,

443 2896 540 2963 Unda
563 2896 623 2960 sub
647 2895 805 2960 aestiuum
828 2917 894 2960 non
918 2896 1063 2961 adeunda
1087 2894 1217 2981 Canem,

399 3004 493 3070 Nunc
516 3003 748 3090 autemsocris
772 3001 924 3067 Baiarum
946 3005 1094 3088 pro'xima
1116 3003 1266 3088 lymphis,

444 3109 525 3175 Cum
544 3131 578 3174 se
601 3131 762 3193 purpureo
786 3132 860 3174 uere
883 3111 1020 3175 remittit
1043 3111 1172 3175 humus:

345 3236 361 3283 5
394 3219 439 3282 At
463 3217 543 3281 mihi
566 3216 770 3299 Persephone
793 3217 923 3302 nigram
946 3217 1115 3282 denuntiat
1137 3220 1263 3283 horam:

442 3325 608 3388 Immerito
632 3323 740 3387 iuueni
763 3345 858 3405 parce
882 3345 1007 3407 nocere,
1030 3324 1096 3388 dea.

383 3537 449 3591 Vra.
464 3556 538 3589 naor.
575 3540 609 3589 80
623 3534 677 3588 hoc
690 3538 711 3585 F
726 3505 788 3588 tecle
802 3533 940 3603 Scaliyero
955 3535 986 3588 ia
1000 3536 1135 3604 castipatt.
1151 3537 1207 3605 (sed
1220 3537 1252 3590 ia
1265 3538 1370 3606 Plcat,
1384 3556 1454 3607 qaae
1497 3563 1501 3568 ·

309 3628 363 3681 hoc
382 3627 495 3691 exhibet,
513 3625 555 3679 aaz
569 3623 740 3691 adnotaait):
755 3640 788 3677 aa
804 3627 831 3688 ⁰3
850 3624 945 3676 malim
958 3623 1018 3693 ipse
1032 3623 1125 3677 Felix:
1139 3641 1204 3680 ecce
1219 3625 1306 3679 alium
1319 3629 1329 3696 l
1343 3631 1376 3681 81
1392 3643 1451 3680 eor-

308 3731 376 3785 pore
395 3719 413 3766 0
435 3714 543 3768 Planta
562 3715 675 3783 pectore
691 3712 769 3784 sll82
783 3712 828 3766 Ha
846 3716 869 3763 Δ
882 3713 927 3765 Ah
946 3717 995 3765 GV
1011 3715 1014 3782 l
1031 3730 1088 3767 non
1105 3730 1220 3783 possum
1239 3720 1272 3769 o:
1292 3732 1326 3769 ne
1346 3716 1450 3785 possim

309 3811 358 3858 AV
379 3806 498 3873 Plautii
516 3809 550 3857 84
569 3803 713 3874 pectoriv
731 3821 765 3858 m.
787 3809 800 3855 1
816 3805 873 3872 1186
892 3803 1006 3857 flamam
1025 3807 1074 3856 lv
1092 3806 1102 3874 ll
1120 3809 1154 3859 87
1178 3804 1452 3874 cumsanguineus

310 3894 417 3948 Plani:
438 3893 644 3962 consanguinea
662 3898 712 3945 AV
730 3910 764 3947 m.
780 3898 794 3945 1
814 3893 893 3959 (corr.
908 3909 960 3960 my.
974 3910 1008 3945 aa.
1024 3898 1051 3961 2)
1066 3895 1075 3962 l
1090 3899 1122 3947 89
1145 3892 1285 3962 Scillaque
1304 3899 1354 3946 AV
1372 3900 1451 3961 ia.1;

309 3984 440 4052 Scyllsuc
458 3982 606 4054 Heyaiasl
627 3983 768 4037 succincta
786 3986 820 4035 F:
845 3981 1036 4036 submixtaAV
1055 3981 1172 4037 sumista
1200 3982 1313 4051 t’mist
1331 4001 1364 4037 ca
1382 3999 1450 4037 corr.

308 4075 331 4143 t)
351 4074 395 4141 (tlt
418 4079 451 4126 92
470 4072 546 4125 duris
565 4077 597 4126 0:
621 4069 688 4126 diris
708 4071 792 4137 Itali,
813 4070 909 4125 Plaat.
925 4073 934 4140 ΙΙ
949 4077 982 4124 93
1002 4070 1071 4124 alias
1091 4070 1241 4125 0'Plaat.:
1261 4071 1332 4126 alios
1353 4072 1425 4125 Itali
1443 4073 1452 4142 l.

308 4169 342 4217 96
361 4160 444 4215 irrita
462 4160 534 4214 Itali
552 4161 687 4229 (Plaat.):
705 4158 794 4228 impia
813 4163 831 4210 0

379 4252 405 4306 5.
442 4250 484 4304 De
502 4265 532 4302 sc
552 4250 707 4318 egrotante.
725 4245 786 4301 Rea.
807 4252 864 4304 hv,
884 4249 985 4319 Elegia
1003 4249 1028 4303 V
1048 4255 1069 4301 (t
1087 4267 1120 4304 m.
1141 4266 1192 4304 rec.
1207 4251 1239 4303 ia
1252 4255 1269 4302 2
1284 4250 1332 4303 lia.
1352 4250 1450 4304 intera.

307 4340 422 4412 (Balnep
441 4340 548 4392 etrusco
566 4341 595 4404 g)
612 4340 622 4407 l
642 4344 656 4391 1
676 4339 733 4392 Uos
752 4356 783 4406 ς,
805 4337 914 4392 Planta
940 4354 971 4392 os
994 4341 1056 4407 (litt.
1080 4340 1142 4392 tait.
1167 4343 1227 4407 cm.)
1251 4343 1274 4390 V
1297 4338 1355 4393 Nos
1374 4343 1424 4390 Aa
1442 4336 1450 4408 ll

307 4428 465 4498 sproxima
479 4427 637 4497 Scioppius:
653 4427 774 4481 maxima
790 4431 808 4479 0
826 4428 919 4481 Plaat.
934 4430 974 4497 114
988 4429 1088 4482 humus
1104 4433 1122 4480 0
1140 4429 1247 4483 Plana:
1266 4428 1364 4496 hyems
1379 4429 1452 4482 Itali
