3316 5114
307 327 374 384 XVI
736 329 1023 385 PROLEGOMENA.

307 489 445 556 TPar.:
474 490 671 578 ‘Dexter{q;
695 492 742 556 ut'
765 491 803 578 a,
827 491 983 558 ‘Dextera
1017 493 1090 576 ¹ut'
1113 492 1172 558 AV
1193 495 1360 577 praebent
1399 498 1454 561 sed

309 597 421 662 eadem
448 598 524 664 Par.
558 621 630 663 cum
659 597 684 664 G
716 602 901 683 congruunt
930 600 964 663 in
992 625 1011 663 ι,
1027 625 1045 663 ι.
1072 600 1211 664 39-47
1240 599 1455 665 collocatione

308 725 411 788 praua
434 701 546 790 (quam
565 703 589 770 T
609 727 735 790 quoque
758 706 910 770 habuisse
933 728 1048 790 parum
1072 708 1122 770 est
1140 706 1333 792 probabile),
1357 729 1454 791 porro

308 815 422 875 contra
451 811 608 876 disertum
635 811 674 875 de
701 810 726 876 T
754 812 978 878 testimonium
1005 813 1040 875 in
1069 810 1124 876 ‘et'
1152 811 1208 896 39,
1240 811 1274 876 in
1299 812 1378 876 ‘aut'
1402 815 1455 880 97.

308 916 417 1005 itaque
436 917 499 982 hoc
517 917 652 982 dubium
669 921 818 1002 nonest,
839 919 873 982 in
891 920 1088 1003 panegyrico
1108 939 1233 1002 quoque
1253 939 1455 984 communem

216 1028 220 1035 '
310 1020 388 1086 liet
407 1023 483 1087 Por.
510 1023 669 1109 originem
693 1046 776 1108 esse3
810 1025 998 1109 ambiguum
1021 1024 1115 1108 illud,
1137 1026 1246 1088 utrum
1269 1024 1297 1088 is
1322 1025 1379 1109 qui
1401 1025 1456 1089 tri·

306 1129 367 1194 bus
395 1130 475 1194 locis
508 1151 606 1213 supra
641 1129 757 1196 adlatis
791 1131 826 1194 in
853 1131 928 1196 Par.
956 1152 1029 1195 cum
1057 1128 1081 1194 p
1108 1130 1250 1195 cernitur
1278 1152 1454 1196 consensus

310 1257 349 1298 ex
372 1234 518 1302 felicibus
548 1237 746 1322 excerptoris
773 1238 967 1303 coniecturis
990 1238 1074 1302 forte
1098 1237 1228 1302 fortuna
1256 1237 1387 1302 effectus
1412 1238 1455 1301 sit

310 1363 353 1405 an
375 1363 453 1407 uero
476 1343 530 1407 hic
552 1343 659 1428 ipsum
681 1341 706 1408 F
729 1343 891 1411 interdum
913 1345 1100 1429 inspexerit.

398 1450 443 1514 Et
460 1450 543 1514 haec
562 1450 691 1534 quidem
704 1451 870 1515 hactenus.
898 1449 1075 1515 maximum
1094 1453 1204 1515 autem
1222 1473 1260 1516 ex
1275 1449 1300 1517 (t
1313 1452 1454 1516 fructum

311 1577 385 1620 eum
413 1579 522 1622 sumus
546 1558 675 1643 lucrati,
707 1559 882 1643 quodiam
908 1579 966 1642 per
987 1560 1094 1622 totum
1117 1557 1241 1622 Tibulli
1269 1581 1350 1643 opus
1375 1558 1455 1622 duas

311 1663 457 1729 codicum
485 1663 627 1729 familias
655 1665 739 1729 inter
767 1687 800 1730 se
835 1686 1023 1748 comparare
1051 1664 1136 1730 licet.
1186 1669 1218 1730 et
1247 1668 1325 1750 quot
1353 1665 1454 1728 bonas

309 1769 480 1862 lectiones,
503 1791 584 1853 quae
609 1774 704 1835 antea
723 1769 840 1835 Puccio
864 1771 916 1835 uel
940 1771 1012 1836 aliis
1034 1770 1133 1836 Italis
1151 1770 1259 1836 deberi
1282 1768 1454 1834 credebau-

308 1879 375 1961 tur‚
397 1897 483 1942 nune
507 1876 686 1960 antiquitus
709 1876 809 1943 fuisse
832 1877 969 1942 traditas
993 1875 1018 1943 (t
1042 1877 1150 1944 docet!
1174 1877 1252 1960 quin
1276 1876 1345 1941 sine
1369 1895 1454 1937 arro·

308 1983 440 2068 gantiae
469 1983 613 2067 periculo
645 1984 707 2050 hoc
736 2006 867 2069 possum
901 1985 1107 2068 contendere,
1143 1983 1218 2047 inde
1249 2005 1268 2047 a
1299 1979 1454 2064 Scaligeri

308 2088 448 2155 editione
479 2111 544 2154 nou
573 2089 677 2154 maius
710 2088 963 2154 emolumentum
990 2089 1186 2154 redundasse
1213 2090 1248 2153 in
1276 2088 1374 2152 crisin
1401 2085 1453 2150 Ti·

309 2195 487 2260 bullianam
511 2216 607 2279 quam
630 2196 811 2278 reciperato
836 2218 855 2259 a
876 2195 970 2260 nobis
994 2195 1078 2262 libro
1103 2195 1366 2279 Guelferbytano.

398 2300 460 2366 Sed
488 2305 661 2387 antequam
689 2302 793 2368 fusius
822 2302 978 2367 disseram
1006 2302 1045 2366 de
1061 2299 1093 2367 'G
1121 2305 1154 2366 et
1176 2300 1235 2366 AV
1257 2301 1454 2365 familiarum

308 2408 578 2494 proprietatibus,
612 2410 725 2494 paucis
758 2408 1019 2476 commemorabo
1049 2405 1075 2473 (i
1106 2409 1173 2473 iam
1205 2409 1246 2474 ab
1275 2406 1369 2472 Italis
1401 2406 1455 2470 hic

216 2573 217 2577 ,
307 2515 374 2579 illic
393 2513 575 2580 adhibitum
594 2538 665 2582 esse
684 2517 726 2582 ad
740 2515 947 2602 corrigendas
967 2515 1102 2581 alterius
1116 2515 1230 2582 classis
1246 2514 1454 2598 corruptelas.

308 2622 399 2687 uelut
421 2623 456 2686 in
474 2621 503 2687 V
521 2645 638 2688 manus
662 2623 767 2689 altera
790 2643 828 2685 ex
846 2620 872 2687 (t
893 2622 928 2685 in
951 2622 1057 2706 elegia
1079 2623 1185 2704 prima
1209 2621 1394 2685 emendauit
1412 2621 1453 2686 37

309 2729 349 2794 ‘e'
373 2727 443 2816 (‘et'
462 2728 521 2795 AV
538 2751 578 2794 m.
593 2725 641 2815 1),
664 2729 708 2794 54
732 2727 866 2793 ‘ostiles'
891 2724 1029 2814 (‘exiles'
1050 2724 1109 2790 AV
1127 2747 1167 2790 m.
1181 2727 1224 2808 1),
1249 2727 1292 2790 64
1311 2723 1454 2790 ‘Vincta'
1499 2808 1502 2814 Ι

308 2834 462 2924 (Tuncta'
480 2836 540 2902 AV
557 2859 599 2902 m.
616 2833 660 2923 1).
704 2838 737 2899 et
760 2833 911 2899 similiter
932 2834 967 2899 in
991 2832 1080 2899 codd.
1103 2831 1334 2898 recentissimis
1359 2831 1454 2896 modo

304 2942 370 3008 ‚hae
398 2944 494 3008 modo
522 2943 596 3020 illae
624 2942 778 3007 lectiones
807 2962 846 3005 ex
870 2938 895 3005 s
922 2942 1070 3025 receptae
1098 2938 1388 3024 deprehenduntur.
1415 2975 1454 2984 —-

267 3060 271 3069 '
311 3047 500 3115 ceterumti
526 3048 720 3132 aliquotiens
750 3048 877 3113 uidetur
905 3069 975 3111 esse
999 3046 1187 3130 descriptus.
1232 3068 1309 3110 nam
1332 3045 1456 3109 inueni·

310 3160 410 3223 untur
437 3156 586 3222 nonnulli
614 3155 703 3239 libri,
734 3155 770 3217 in
799 3154 915 3238 quibus
948 3174 1021 3218 cum
1049 3151 1178 3215 Tibullo
1207 3148 1378 3213 coniuncta
1406 3151 1457 3211 est

312 3264 452 3348 epistula
479 3260 629 3346 Sapphus
658 3259 776 3346 quique
805 3255 900 3344 (quae
929 3262 1006 3325 sunt
1032 3256 1165 3342 propria
1192 3252 1456 3338 Guelferbytani)

311 3373 344 3434 et
371 3371 404 3435 in
431 3370 496 3434 fine
520 3367 642 3434 Tibulli
669 3367 773 3432 uitam
801 3369 833 3430 et
860 3365 893 3430 id
920 3364 1007 3450 quod
1036 3365 1070 3429 in
1092 3361 1162 3427 AV'
1179 3363 1256 3446 post
1282 3359 1331 3424 IlI
1354 3360 1389 3442 6,
1412 3359 1455 3424 64

312 3476 486 3561 repetitum
508 3475 628 3560 legitur
651 3494 781 3538 carmen
802 3471 851 3536 IV
872 3472 912 3536 12
937 3471 1101 3546 omittunt
1131 3467 1187 3534 sed
1209 3467 1325 3532 horum
1348 3469 1455 3530 textus

312 3584 449 3647 cumeis
469 3598 590 3666 quaeg
612 3582 646 3646 in
665 3579 691 3646 (t
712 3580 825 3644 intulit
842 3577 1032 3644 correcturis
1051 3580 1122 3640 tum
1143 3595 1230 3639 noua
1249 3572 1455 3657 corruptione

309 3688 465 3770 nouisque
489 3686 614 3751 adscita
636 3684 761 3749 familia
777 3682 836 3748 AV
855 3679 1163 3766 interpolationibus
1187 3679 1373 3763 inquinatus
1397 3682 1456 3744 est.

310 3795 391 3860 mihi
418 3796 503 3859 certe
531 3814 598 3857 non
626 3791 765 3875 contigit
793 3788 904 3854 uidere
932 3789 1071 3854 alterum
1093 3786 1238 3852 familiae
1260 3785 1285 3852 s
1313 3787 1455 3854 codicem

309 3903 456 3987 probum.
501 3901 609 3984 itaque
637 3900 767 3982 praeter
784 3895 815 3962 ‚G
842 3917 909 3962 non
935 3894 1065 3961 uidetur
1092 3893 1214 3959 factum
1242 3915 1312 3960 esse
1336 3893 1456 3959 uetusti

311 4007 352 4074 ad
375 4006 461 4093 quod
484 4007 539 4072 ille
562 4005 646 4070 redit
670 4003 862 4088 exemplaris
887 4001 1108 4088 apographon.

398 4113 468 4178 Iam
498 4114 526 4178 si
558 4113 593 4176 in
621 4111 894 4195 comparationem
923 4095 1075 4176 uouemus
1104 4107 1129 4175 (t
1161 4112 1194 4174 et
1220 4105 1279 4172 AV
1306 4102 1456 4185 familias,

309 4245 376 4288 non
400 4220 517 4286 desunt
535 4219 664 4304 quidem
686 4218 750 4282 loci
769 4216 887 4301 quibus
909 4217 991 4282 haec
1013 4216 1062 4281 illi
1083 4216 1234 4301 praestet.
1267 4210 1313 4273 sic
1335 4209 1457 4273 habent

311 4352 358 4395 ex.
382 4350 429 4415 gr.
451 4327 468 4391 Ι
490 4328 521 4412 2,
547 4328 589 4392 14
611 4325 737 4390 ‘florida
761 4322 860 4390 serta'
879 4322 952 4389 AV:
977 4323 1129 4409 ‘plurima
1152 4314 1250 4385 serta'
1271 4313 1296 4379 G
1320 4337 1336 4380 e
1359 4337 1456 4379 uersu
1592 4341 1597 4352 ·

311 4434 525 4520 praecedenti.
571 4433 627 4499 sed
655 4436 691 4499 ut
718 4433 783 4496 iam
812 4433 847 4495 in
872 4431 978 4515 prima
1005 4429 1109 4513 elegia
1132 4423 1157 4491 (t
1184 4420 1334 4488 meliores
1359 4443 1457 4506 quam
