3294 5118
318 334 361 397 46
411 379 416 389 .
707 333 852 388 TIBULLl
871 333 937 386 LlB.
957 333 991 388 Il.
1011 338 1035 387 4.
1055 337 1079 386 b.

411 497 458 560 At
480 496 550 580 tibi,
574 517 656 581 quae
678 496 783 580 pretio
807 497 912 560 uictos
936 494 1076 559 excludis
1101 497 1258 578 amantes,

337 620 372 668 4ο
452 603 603 688 Eripiunt
624 605 736 686 partas
760 605 877 666 uentus
900 606 933 666 et
954 602 1041 688 ignis
1066 623 1156 685 opes,

407 709 491 786 Quin
513 713 572 774 tua
593 713 671 774 tunc
694 709 826 773 iuuenes
850 711 996 793 spectent
1018 707 1166 771 incendia
1189 707 1276 792 laeti,

450 816 519 881 Nec
542 816 713 900 quisquam
735 816 886 880 flammae
910 816 1040 881 sedulus
1064 813 1162 879 addat
1185 837 1310 899 aquam.

408 921 470 988 Seu
493 922 602 988 ueniat
624 923 686 988 tibi
709 938 807 1007 mors,
828 945 888 988 neo
911 923 974 988 erit
995 924 1051 1007 qui
1074 924 1186 1008 lugeat
1208 922 1303 1006 ullus,

451 1029 520 1096 Neo
542 1031 597 1114 qui
621 1030 675 1094 det
696 1033 836 1094 maestas
859 1052 977 1094 munus
1000 1030 1035 1094 in
1058 1030 1218 1115 exequias.

337 1153 371 1202 45
408 1135 454 1201 At
476 1138 563 1202 bona
586 1159 666 1221 quae
689 1158 747 1201 neo
771 1159 871 1201 auare
893 1137 964 1222 fuit,
988 1140 1115 1202 centum
1139 1137 1216 1201 licet
1238 1158 1340 1201 annos

452 1243 588 1329 Uixerit,
612 1243 776 1308 ardentem
799 1243 930 1308 flebitur
953 1248 1028 1308 ante
1052 1263 1181 1328 rogum3

406 1349 514 1434 Atque
537 1350 654 1434 aliquis
677 1351 784 1415 senior
806 1354 932 1442 ueteres
956 1354 1129 1415 ueneratus
1153 1373 1279 1415 amores

450 1457 569 1523 Annua
592 1461 776 1522 constructo
801 1461 887 1521 serta
906 1457 996 1522 dabit
1017 1459 1141 1523 tumulo

406 1562 451 1627 Et
475 1562 578 1628 ‘bene'
603 1564 769 1629 discedens
793 1563 877 1628 dicet
901 1563 1102 1649 ‘placideque
1126 1565 1280 1649 quiesces,

335 1688 369 1736 oo
452 1671 614 1755 Terraque
638 1691 769 1734 securae
793 1670 837 1733 sit
860 1691 957 1753 super
981 1692 1055 1735 ossa
1078 1669 1182 1734 leuis?

404 1778 492 1842 Uera
515 1774 643 1860 quidem
666 1797 792 1859 moneo,
815 1775 871 1839 sed
894 1781 1032 1859 prosunt
1054 1777 1130 1862 quid
1153 1777 1233 1842 mihi
1256 1776 1355 1841 uera?

448 1883 542 1948 Illius
566 1885 616 1946 est
637 1882 731 1946 nobis
754 1883 825 1967 lege
849 1883 1003 1948 colendus
1027 1883 1138 1949 Amor.

406 1990 490 2067 Quin
514 1990 614 2055 etiam
637 1988 728 2054 sedes
752 1991 862 2055 iubeat
885 1991 912 2055 si
935 1991 1074 2055 uendere
1097 1991 1212 2074 auitas,

449 2098 497 2162 Ite
522 2097 581 2162 sub
605 2096 777 2180 imperium
800 2097 859 2161 sub
883 2097 1088 2182 titulumque,
1111 2097 1218 2162 Lares.

334 2221 367 2269 55
405 2202 564 2288 Quicquid
587 2203 687 2267 habet
710 2199 810 2286 Circe,
834 2203 984 2288 quioquid
1007 2203 1122 2268 Medea
1144 2204 1269 2288 ueneni,

451 2310 610 2395 Quicquid
634 2314 667 2375 et
689 2310 864 2375 herbarum
887 2308 1048 2374 Thessala
1070 2312 1157 2373 terra
1180 2310 1272 2395 gerit,

406 2418 451 2482 nt
475 2418 570 2503 quod,
593 2418 650 2482 ubi
673 2416 840 2482 indomitis
863 2415 1016 2500 gregibus
1040 2415 1150 2481 Uenus
1173 2415 1265 2480 afflat
1289 2439 1424 2502 amores,

449 2524 672 2608 Hippomanes
696 2523 831 2607 cupidae
855 2522 960 2586 stillat
982 2522 1023 2586 ab
1047 2522 1179 2608 inguine
1203 2543 1316 2606 equae:

405 2632 440 2698 si
464 2630 560 2696 modo
584 2653 635 2695 me
658 2630 787 2715 placido
811 2629 920 2693 uideat
942 2625 1091 2693 Nemesis
1115 2650 1186 2692 mea
1208 2628 1311 2714 uultu,

334 2757 368 2805 oo
408 2753 419 2776 ·
448 2739 539 2804 Mille
563 2739 643 2804 alias
667 2737 786 2802 herbas
810 2737 945 2800 misceat
967 2735 1033 2821 illa,
1055 2735 1175 2801 bibam.

780 2936 992 2943 m.—

867 3099 908 3170 V.

403 3238 543 3322 Phoebe,
564 3239 652 3304 faue:
674 3260 779 3303 nouus
803 3236 982 3322 ingreditur
1005 3242 1063 3302 tua
1085 3238 1207 3320 templa
1231 3236 1394 3302 sacerdos:

448 3345 520 3411 Huc
544 3365 603 3429 age
627 3365 700 3409 cum
724 3344 850 3408 cithara
874 3343 1134 3428 carminibusque
1158 3343 1241 3408 ueni.

405 3453 499 3518 Nunc
522 3475 573 3517 me
597 3452 727 3517 uocales
750 3451 914 3534 impellere
937 3451 1056 3535 pollice
1080 3449 1228 3533 chordas,

384 3663 451 3720 Vsu.
472 3684 545 3719 nucu.
583 3669 616 3718 39
635 3663 699 3730 fort.
718 3662 810 3733 pretio
828 3679 932 3717 uacuos
945 3663 955 3730 ΙΙ
968 3667 1003 3715 40
1022 3660 1117 3731 partas
1132 3665 1154 3712 G
1168 3661 1202 3727 (et
1217 3663 1240 3711 V
1254 3678 1287 3715 m.
1303 3663 1342 3730 2):
1361 3664 1458 3732 portas

313 3756 364 3805 hv
381 3771 415 3808 m.
437 3755 521 3822 1141
541 3754 607 3807 tunc
627 3757 659 3807 0:
677 3754 738 3807 tum
758 3751 947 3823 51142·flamq
966 3752 1086 3818 461143
1105 3749 1202 3804 ueniat
1220 3753 1282 3804 uV:
1300 3751 1395 3805 ueniet
1413 3750 1458 3822 411

313 3848 347 3896 44
367 3843 497 3912 exequias
517 3846 538 3894 G
557 3845 590 3910 (V
608 3859 642 3896 m.
657 3844 698 3911 2):
718 3839 866 3909 obsequias
885 3843 936 3892 hv
954 3857 988 3896 m.
1005 3845 1015 3892 1
1034 3842 1091 3908 1149
1111 3838 1188 3893 dicat
1206 3840 1250 3908 GH
1265 3845 1296 3893 51
1313 3839 1380 3908 quid
1394 3857 1456 3908 pro·

313 3933 378 3986 sunt
396 3934 482 4001 §1155
504 3931 662 4000 Quidquam
681 3935 703 3983 Δ
719 3931 723 3998 Ι
740 3945 821 3998 cyrce
839 3931 961 3998 4411156
980 3928 1084 3982 bessula
1102 3929 1223 3998 4111158
1239 3928 1397 3996 Ypomanes
1412 3931 1458 3980 AV

244 4032 248 4038 “
312 4021 321 4091 ll
339 4027 373 4075 59
393 4020 423 4075 Si
441 4021 525 4075 modo
544 4025 566 4072 G
584 4022 620 4090 (et
637 4023 660 4071 V
678 4035 730 4089 my.
749 4035 784 4072 uc.
803 4019 843 4086 tl:
863 4017 967 4073 Sinon
985 4020 1035 4069 AV
1049 4034 1083 4072 m.
1101 4024 1124 4085 1,
1143 4019 1234 4085 glot
1252 4015 1342 4070 malas
1355 4017 1457 4071 herbas

310 4109 494 4164 Burmannus
915 4120 919 4128 ·

315 4193 319 4202 '
383 4198 416 4253 V.
453 4197 599 4253 Inuocatio
617 4195 704 4267 phebi
722 4197 752 4249 et
774 4194 834 4250 eius
857 4197 955 4250 laudes
981 4195 1011 4267 [l.
1035 4210 1058 4249 c.
1082 4194 1127 4265 V].
1164 4194 1225 4249 R02.
1262 4196 1320 4247 AV.
1357 4192 1457 4263 Elegia

311 4289 390 4342 sexta
409 4292 430 4339 fl
448 4303 482 4341 m.
502 4301 552 4341 rec.
572 4287 604 4339 iu
623 4291 639 4339 2
659 4287 708 4339 liu.
726 4286 831 4340 tutaret.
851 4287 884 4340 de
901 4286 953 4339 hac
971 4283 1057 4352 elegia
1079 4300 1098 4336 a
1122 4282 1233 4336 Tibullo
1255 4299 1312 4337 uon
1335 4284 1458 4351 perfecta

311 4381 336 4430 et
354 4395 372 4430 a
390 4376 457 4430 libri
474 4375 587 4429 secuosdi
609 4375 710 4429 editore
732 4365 901 4443 interpolata
922 4374 958 4441 of.
981 4388 1051 4442 quac
1073 4371 1192 4426 duamur·
1216 4371 1330 4426 ‘Tituli
1354 4372 1455 4426 Recte!

305 4481 337 4534 p.
357 4471 392 4519 24
409 4481 464 4534 sqq.
478 4466 518 4534 113
537 4479 581 4518 me
599 4464 711 4533 compsi:
730 4464 760 4518 to
779 4467 798 4515 0
816 4465 820 4532 1
835 4462 948 4517 uocales
966 4463 1028 4516 hub.
1049 4460 1124 4514 Fris.
1142 4463 1147 4530 1
1163 4461 1261 4516 cordas
1275 4463 1326 4513 AV
