3294 5118
267 276 310 340 28
685 279 831 334 TlBULLl
851 279 916 335 LlB.
936 281 956 336 Ι.
977 287 1001 334 8.

360 441 461 524 Saepe
485 441 665 525 insperanti
687 443 776 506 uenit
798 442 861 507 tibi
885 465 1016 507 munere
1040 447 1162 526 nostro,

217 558 254 611 IX
287 564 321 610 44
403 546 465 612 Sed
488 549 585 613 latuit
609 550 735 614 clausas
759 553 835 633 post
858 549 1014 634 adoperta
1036 551 1132 615 fores.

202 666 269 721 VIII
288 671 320 720 27
358 653 428 720 Nec
449 659 486 720 tu
509 655 652 721 difficilis
675 677 774 740 puero
797 659 907 721 tamon
931 679 999 722 esse
1022 661 1197 722 memento:

400 762 607 846 Persequitur
629 763 743 846 poenis
767 763 984 829 tristia'facta
1007 762 1126 830 Uenus.

356 869 491 933 Munera
509 891 549 933 ne
573 891 705 953 poscas:
730 870 784 934 det
807 892 942 935 munera
965 893 1063 936 canus
1087 874 1223 954 amator,

286 993 319 1039 30
403 975 449 1039 Ut
471 975 582 1040 foueat
604 976 695 1040 molli
718 976 838 1060 frigida
860 978 1005 1042 membra
1029 978 1109 1042 sinu.

357 1080 469 1146 Carior
493 1084 543 1146 est
567 1104 644 1146 auro
667 1082 802 1167 iuuenis,
826 1085 877 1148 cui
900 1084 985 1148 leuia
1007 1083 1135 1168 fulgent

402 1187 467 1252 Ora
490 1210 548 1252 nec
572 1188 740 1272 amplexus
764 1212 879 1273 aspera
901 1190 1005 1254 barba
1027 1192 1111 1256 terit.

357 1294 443 1359 Huic
466 1298 501 1358 tu
525 1295 698 1360 candentes
722 1295 856 1362 humero
881 1319 1026 1381 suppone
1050 1298 1198 1375 lacertos,

401 1401 446 1465 Et
469 1422 581 1486 regum
605 1423 742 1487 magnae
767 1403 984 1486 despiciantur
1008 1427 1096 1487 opes.¹

287 1525 321 1571 35
360 1509 408 1573 Ac
430 1507 540 1573 Uenus
564 1508 708 1574 inueniet
730 1532 829 1594 puero
854 1512 1066 1575 concumbere
1085 1511 1199 1574 furtim

405 1614 486 1680 Cum
509 1616 633 1680 tumido
658 1620 690 1680 et
713 1620 842 1682 teneros
867 1638 1033 1682 conserere
1056 1639 1157 1703 usque
1181 1617 1271 1680 sinus

358 1723 404 1787 Et
423 1723 498 1786 dare
523 1723 689 1787 anhelanti
712 1725 934 1808 pugnantibus
958 1724 1093 1789 humida
1115 1723 1237 1809 linguis

405 1829 523 1894 Oscula
546 1831 634 1914 etin
658 1831 740 1896 collo
764 1830 863 1915 figere
888 1830 981 1894 dente
1003 1835 1107 1896 notas.

361 1935 435 2001 Non
457 1937 540 2020 lapis
560 1937 645 2002 hanc
668 1958 878 2022 gemmaeque
902 1938 1026 2022 iuuant,
1049 1961 1131 2023 quae
1154 1939 1276 2024 frigore
1300 1937 1370 2000 sola

288 2060 322 2108 40
405 2043 554 2109 Dormiat
577 2049 610 2108 et
631 2044 713 2108 nulli
737 2044 781 2108 sit
804 2043 960 2128 cupienda
982 2044 1063 2110 uiro.

359 2150 433 2215 Heu
457 2174 528 2216 sero
552 2154 722 2217 reuocetur
746 2171 837 2216 amor
862 2172 996 2236 seroque
1020 2152 1179 2237 iuuentus,

317 2248 320 2251 ¹
403 2257 484 2324 (lum
508 2262 601 2324 uetus
625 2257 738 2323 infecit
762 2279 843 2322 cana
867 2261 997 2322 senecta
1020 2260 1125 2342 caput.

357 2363 447 2428 Tunc
471 2364 613 2428 studium
636 2363 761 2428 formae
784 2368 847 2446 eet3
871 2385 963 2428 coma
985 2366 1062 2428 tunc
1085 2366 1238 2448 mutatur,
1256 2369 1293 2431 ut
1312 2387 1413 2430 annos

403 2469 596 2535 Dissimulet
618 2462 715 2534 uiiidi
739 2472 859 2549 cortice
883 2471 986 2536 tincta
1008 2472 1116 2555 nucis3

288 2595 321 2642 45
360 2578 488 2643 Tollere
511 2581 589 2641 tunc
612 2599 689 2642 cura
713 2580 762 2641 est
785 2578 877 2643 albos
901 2603 921 2642 a
945 2573 1044 2661 s'tirpe
1067 2579 1201 2662 capillos

402 2685 447 2750 Et
468 2665 585 2749 faciem
609 2684 740 2768 dempta
762 2685 844 2768 pelle
868 2685 987 2749 referre
1010 2706 1137 2749 nouam.

358 2791 403 2856 At
426 2796 472 2877 tu,
496 2791 571 2856 dum
594 2792 691 2876 primi
713 2791 808 2857 floret
830 2792 891 2856 tibi
914 2792 1070 2876 temporis
1094 2796 1192 2876 aetas,

403 2897 515 2964 Utere:
538 2922 605 2964 non
628 2899 721 2963 tardo
746 2899 867 2964 labitur
890 2898 947 2962 illa
970 2898 1059 2981 pede.

359 3006 432 3071 Neu
454 3006 640 3070 Marathum
662 3007 791 3090 torque:
810 3028 910 3090 puero
935 3027 1016 3091 quae
1040 3005 1146 3091 gloria
1170 3005 1255 3069 uicto
1280 3005 1350 3070 est?

289 3128 323 3177 50
406 3112 444 3176 In
467 3115 592 3176 ueteres
617 3115 685 3176 esto
709 3111 798 3196 dura,
820 3114 941 3196 puella,
965 3135 1065 3178 senes.

359 3217 458 3282 Parce
482 3240 596 3301 precor
619 3222 744 3287 tenero:
767 3240 834 3283 non
856 3219 905 3284 illi
929 3220 1053 3284 sontica
1077 3242 1174 3284 causa
1198 3222 1258 3304 est,

343 3448 411 3502 Vin.
432 3467 504 3501 cnon
542 3448 580 3510 IX
595 3454 629 3501 44
648 3447 704 3502 Sed
723 3453 754 3502 0:
773 3448 810 3502 Et
824 3467 843 3515 g
859 3451 862 3516 Ι
880 3450 988 3504 clausos
1006 3454 1029 3500 V
1042 3451 1052 3517 ΙΙ
1066 3448 1132 3501 VIII
1146 3453 1179 3502 29
1198 3465 1233 3501 ne
1253 3453 1284 3502 0:
1303 3464 1355 3502 nec
1374 3463 1390 3505 ς
1406 3448 1415 3518 ll

272 3543 306 3590 30
325 3537 421 3591 foueat
440 3541 472 3591 0:
491 3537 588 3591 foueas
608 3552 625 3594 ς
642 3537 652 3605 ll
671 3542 703 3589 31
723 3536 800 3591 lenia
818 3542 853 3605 V,
877 3554 946 3592 corr.
965 3555 999 3593 ra.
1019 3546 1048 3603 2;
1071 3535 1147 3610 leuia
1170 3538 1199 3603 (u
1217 3554 1250 3590 erc
1268 3539 1348 3605 corr.)
1368 3542 1388 3588 G
1406 3537 1415 3607 ll

272 3631 307 3681 35
326 3626 366 3681 Ac
385 3627 496 3694 scripsi:
517 3626 555 3680 At
574 3631 593 3678 0
609 3628 613 3690 Ι
630 3625 782 3693 inuento,
797 3643 866 3680 corr.
881 3625 1005 3694 Scoliper
1020 3629 1024 3694 J
1041 3625 1224 3680 concumbere
1239 3631 1271 3680 0:
1291 3643 1415 3681 succum-

272 3717 338 3770 bere
358 3730 375 3773 ς
392 3717 403 3784 ΙΙ
421 3722 455 3770 30
475 3715 544 3770 Oum
563 3715 671 3771 tumido
690 3717 801 3784 scripsi:
824 3716 898 3769 Dum
921 3713 1004 3769 timet
1023 3719 1041 3766 0
1065 3715 1139 3769 Dum
1156 3717 1248 3770 tumet
1266 3714 1389 3784 Scoliper
1411 3715 1414 3784 l

60 3838 65 3846 ·
145 3840 159 3860 .
271 3822 415 3860 conserere
434 3806 574 3876 Hepaias:
594 3803 716 3859 conserit
734 3806 823 3874 01137
843 3804 1017 3858 anhelantim
1036 3805 1108 3858 Itali
1120 3806 1130 3874 11
1144 3811 1177 3859 39
1197 3803 1350 3873 iuuantque
1368 3809 1391 3855 A
1410 3803 1412 3874 ζ

270 3893 369 3948 iuuent
387 3893 510 3964 Scaliper
523 3895 533 3964 ΙΙ
547 3901 579 3948 41
594 3893 723 3948 iuuentus
736 3898 759 3944 A
774 3893 830 3962 (scd
844 3910 856 3946 s
870 3895 1074 3961 suppremum),
1094 3898 1114 3944 G
1129 3899 1153 3947 et
1166 3897 1189 3945 V
1202 3911 1236 3948 m.
1252 3900 1281 3948 2:
1301 3893 1416 3948 iuuenta

271 3986 294 4032 V
311 3999 345 4038 m.
366 3988 397 4050 1,
418 3996 434 4039 ς
452 3980 581 4037 iuuentus
601 3997 617 4040 ς
639 3983 649 4051 ΙΙ
672 3987 776 4035 43-46
801 3982 901 4036 babeat
920 3981 988 4037 Par.
1011 3982 1021 4050 ΙΙ
1044 3987 1077 4036 43
1098 3982 1176 4037 Tunc
1194 3999 1254 4052 epo:
1274 3982 1345 4036 Tum
1364 3986 1415 4034 Av

270 4073 351 4127 Nunc
370 4078 392 4124 G
412 4072 480 4126 Par.
498 4075 501 4140 Ι
518 4074 561 4126 est
580 4075 598 4122 0
615 4069 700 4126 'Por.:
720 4071 803 4140 culpo
822 4071 879 4125 dest
894 4072 899 4139 1
915 4072 982 4125 tunc
996 4075 1055 4126 AV:
1070 4088 1142 4126 nunc
1158 4077 1178 4123 0
1196 4072 1264 4129 Par.
1278 4073 1288 4140 ΙΙ
1302 4077 1336 4124 44
1355 4071 1416 4124 Dis-

272 4161 377 4216 similct
395 4166 418 4213 A
431 4162 441 4230 ΙΙ
455 4166 488 4214 40
508 4160 618 4215 Tollere
637 4161 669 4214 io
686 4176 741 4214 ras.
761 4164 782 4211 G
798 4161 802 4228 Ι
818 4161 885 4214 tuno
904 4164 967 4214 AV:
991 4177 1064 4218 nunc
1083 4166 1105 4212 G
1125 4161 1214 4228 Part
1235 4179 1253 4216 a
1270 4163 1302 4215 ia
1319 4179 1374 4216 ras.
1395 4166 1415 4212 G

272 4253 279 4322 ll
299 4258 333 4305 48
352 4253 414 4306 Neu
432 4256 454 4302 G
474 4251 509 4319 (ct
526 4254 549 4300 V
567 4267 601 4308 m.
621 4250 662 4319 2):
683 4249 737 4304 Seu
755 4254 806 4302 AV
824 4268 857 4305 m.
879 4252 994 4319 1lt0rf1
1013 4252 1058 4318 All
1072 4255 1104 4304 51
1126 4251 1236 4305 sontica
1254 4255 1287 4304 G:
1312 4251 1416 4306 sontita

271 4344 322 4391 AV
345 4341 399 4407 (bic
421 4357 473 4408 mp.
496 4358 530 4393 m.
558 4346 587 4394 2:
611 4337 722 4396 sentito.
746 4339 776 4394 in
799 4338 953 4414 exemplari
976 4355 1042 4393 uero
1067 4338 1197 4409 sontica);
1223 4339 1331 4395 sontica
1353 4340 1414 4394 hob.

272 4430 354 4484 etium
378 4429 454 4484 Fris.
