3316 5114
274 336 301 389 X
701 333 985 389 PROLEGOMENA.

275 499 438 563 codicibus
468 498 628 583 integrius
659 496 800 562 adfuisse
831 497 948 563 acriter
974 497 1117 583 negauit.
1164 496 1299 562 Puccius
1331 497 1418 561 enim-

229 629 231 634 ·
275 627 347 669 oum
371 627 398 668 a.
419 604 504 669 1502
528 603 568 668 ad
592 603 715 668 Tibulli
738 603 912 668 editionem
935 604 1130 688 Regiensem
1154 627 1182 667 a.
1204 604 1286 670 1481
1312 625 1418 668 emen-

275 711 422 777 dationes
455 710 664 794 adscriberet,
696 709 731 774 in
762 733 816 775 eas
850 710 957 775 codice
990 710 1124 793 antiquo
1157 704 1191 774 s'e
1220 732 1315 774 usum
1348 733 1418 774 esse

274 817 439 902 professus
474 821 532 882 est.
582 817 672 882 cuius
699 817 808 883 uerbis
838 817 935 882 fidem
962 817 1078 882 habuit
1106 814 1332 882 Lachmannus
1365 818 1418 902 [cf.

253 924 344 988 'eius
373 923 473 1007 praef.
501 947 532 1008 p.
549 922 614 990 Vll
640 927 700 1008 sq]
735 925 954 1009 excerpsitque
982 923 1056 988 inde
1083 923 1239 988 lectiones
1266 925 1418 1008 potiores.
1450 985 1453 988 .

275 1033 308 1094 et
337 1032 423 1094 recte
453 1028 530 1094 fecit
562 1031 612 1094 uir
642 1031 849 1096 clarissimus.
901 1053 978 1096 nam
1008 1031 1115 1114 ipsum
1146 1031 1226 1095 illud
1256 1031 1419 1115 exemplar

275 1135 471 1200 Puocianum
494 1134 648 1221 indagare
672 1140 705 1201 et
727 1137 775 1200 ita
797 1137 964 1223 egregium
987 1159 1114 1223 qnoque
1136 1160 1223 1203 noua
1245 1139 1340 1222 plane
1363 1139 1419 1202 lux

277 1241 398 1306 Tibulli
423 1240 641 1307 emendationi
664 1243 850 1308 offundatur
873 1243 1051 1308 subsidium
1073 1244 1217 1310 nancisci
1240 1243 1321 1308 mihi
1345 1266 1418 1308 oon-

275 1349 360 1433 tigit.
404 1370 477 1412 cum
500 1348 584 1413 enim
609 1351 705 1413 antea
727 1372 793 1414 una
815 1350 962 1416 codicum
984 1349 1122 1434 familia,
1146 1350 1269 1415 scilicet
1292 1339 1333 1414 ab
1355 1349 1420 1413 AV

163 1527 169 1532 ,
274 1458 544 1541 propagatorum,
575 1460 654 1521 nota
675 1456 785 1540 fuerit,
817 1458 882 1522 iam
908 1459 1044 1522 alteram
1068 1479 1201 1542 eamque
1229 1456 1333 1521 multo
1356 1479 1420 1520 me

274 1563 389 1626 liorem
417 1583 611 1648 cognoscere
638 1562 723 1628 licet.
772 1584 858 1628 nunc
881 1563 982 1649 igitur
1010 1565 1048 1629 de
1071 1565 1170 1630 tertio
1194 1563 1303 1640 codice
1326 1585 1346 1627 a
1369 1585 1420 1628 me

276 1669 422 1734 adhibito
446 1689 552 1755 agam.
676 1750 677 1755 ἵ

363 1773 401 1859 (i,
435 1775 535 1840 codex
563 1774 833 1860 Guelferbytanus
864 1776 937 1856 [Ma.
964 1776 1049 1862 Aug.
1076 1778 1132 1862 82,
1161 1777 1289 1858 6fol.]‚
1321 1799 1420 1841 mem-

275 1884 464 1965 branaceus,
481 1881 569 1946 foliis
589 1881 739 1968 oblongis
759 1884 887 1947 constat
905 1883 957 1966 42,
977 1905 1113 1968 quorum
1129 1884 1251 1948 1-38⁸
1264 1883 1420 1968 Tibullus,

276 1985 429 2053 :acb-42
457 1986 607 2072 Sapphus
638 1989 781 2072 epistula
810 1989 1000 2056 continetur.
1049 1989 1136 2055 hunc
1165 1989 1299 2075 librum,
1331 1989 1420 2054 cuius

274 2095 429 2160 lectiones
455 2093 601 2178 Heynius
629 2094 675 2158 nil
703 2094 742 2158 de
772 2095 931 2179 singulari
959 2096 1078 2161 codicis
1104 2097 1209 2180 pretio
1238 2097 1421 2181 suspicatus

212 2267 214 2270 .
275 2202 399 2285 passim
427 2202 595 2284 attulerat,
627 2201 737 2268 Ionam
760 2202 991 2286 transmissum
1017 2203 1087 2287 ipsc
1116 2224 1226 2267 mense
1250 2203 1422 2268 Decembri

277 2331 304 2372 a.
340 2309 425 2373 1876
458 2309 589 2374 contuli.
641 2308 786 2372 imitatus
819 2312 869 2373 est
901 2312 1009 2373 autem
1041 2309 1194 2373 librarius
1228 2309 1422 2392 scripturam

276 2414 541 2500 langobardicam
574 2437 612 2479 ea
640 2418 708 2479 arte
740 2417 777 2479 ut
804 2416 909 2499 primo
942 2419 1057 2500 optutu
1086 2414 1206 2480 saeculi
1233 2415 1263 2480 X
1295 2415 1346 2479 uel
1374 2414 1422 2479 XI

280 2523 421 2587 codicem
449 2521 559 2585 uidere
586 2521 648 2585 tibi
675 2521 824 2586 uidearis.
870 2522 1130 2587 membranarum
1157 2523 1268 2586 tamen
1295 2521 1421 2587 ratione

278 2629 392 2694 habita
414 2649 490 2693 mox
512 2627 550 2692 dc
573 2629 695 2694 recenti
717 2628 806 2693 illius
831 2628 957 2713 origine
978 2629 1041 2693 tibi
1063 2629 1281 2712 persuadebis.
1317 2627 1422 2711 siquid

278 2740 386 2801 autem
409 2737 443 2800 in
466 2739 535 2800 arte
556 2735 827 2820 palaeographica
849 2734 947 2819 longo
971 2756 1031 2798 usu
1056 2735 1167 2818 calleo,
1191 2734 1320 2798 uidetur
1342 2733 1423 2798 mibi

278 2844 332 2908 illc
356 2844 441 2909 circa
467 2866 495 2908 a.
521 2843 606 2908 1425
636 2845 785 2907 exaratus
814 2863 894 2906 esse.
940 2841 1066 2926 aliquot
1089 2841 1250 2906 decenniis
1274 2842 1350 2924 post
1372 2839 1423 2903 uir

279 2947 392 3017 doctus
425 2950 607 3034 nescioquis
635 2949 762 3015 diuerso
790 2951 936 3032 tempore
969 2971 1042 3013 cum
1072 2949 1106 3012 in
1135 2949 1280 3034 margine
1313 2947 1423 3012 uarias

279 3056 439 3140 adspersit
467 3055 713 3139 explicationes,
744 3059 814 3119 turn
843 3055 1032 3120 correctoris
1060 3077 1192 3119 munere
1218 3055 1266 3120 ita
1292 3053 1422 3118 functus

279 3167 329 3229 est
351 3166 388 3226 ut
410 3166 444 3226 et
465 3162 500 3227 in
521 3164 613 3226 textu
637 3184 735 3246 supra
757 3160 859 3225 lineas
888 3164 921 3225 et
942 3161 976 3224 in
998 3161 1145 3245 margine
1171 3161 1280 3225 uarias
1303 3160 1422 3226 adscri-

278 3272 370 3336 beret
397 3269 565 3352 lectiones,
597 3270 717 3352 petitas
747 3268 820 3332 illas
848 3267 969 3352 partim
999 3289 1038 3332 ex
1065 3268 1168 3350 ipsius
1196 3269 1326 3353 ingenio
1355 3289 1423 3333 non

279 3379 326 3443 ita
348 3399 445 3461 saepe
467 3376 567 3461 felici,
590 3375 710 3460 partim
734 3397 773 3440 ex
790 3375 934 3440 familiae
952 3374 1011 3439 AV
1030 3375 1139 3440 codice
1163 3375 1311 3458 quodam.
1342 3396 1423 3440 non·

278 3483 378 3548 nullis
402 3483 501 3547 etiam
519 3482 599 3548 locis
622 3504 725 3548 nouas
745 3483 922 3568 scripturas
944 3482 1045 3547 erasis
1063 3481 1211 3565 pristinis
1229 3482 1424 3547 lectionibus

278 3591 314 3654 in
342 3589 415 3672 ipso
442 3590 586 3654 restituit
612 3590 786 3655 uerborum
814 3587 1021 3675 contextn*);
1053 3589 1186 3652 lacunas
1210 3591 1318 3652 autem
1342 3611 1423 3673 qnae

280 3695 489 3780 reperiuntur
511 3694 526 3759 I
546 3696 576 3780 2,
595 3696 638 3760 25
658 3700 734 3762 ectr.
753 3719 810 3761 suo
830 3698 934 3760 marte
954 3683 1105 3779 cipleuit.
1137 3693 1232 3758 huius
1256 3693 1319 3758 uiri
1337 3694 1425 3758 docti

281 3803 506 3869 adnotationes
539 3806 571 3867 et
601 3803 730 3868 criticae
761 3807 793 3868 et
823 3802 1007 3888 exegeticae
1040 3823 1113 3864 cum
1142 3801 1213 3884 ipso
1246 3802 1424 3886 scripturae

280 3931 397 3997 genere
428 3913 498 3975 tum
530 3932 607 3976 uero
640 3913 822 3975 atramento
854 3907 1024 3992 pallidiore
1057 3906 1245 3991 plerumque
1277 3931 1297 3971 a
1326 3929 1424 3972 manu

280 4018 386 4100 prima
408 4016 502 4082 facile
526 4001 785 4103 distinguuntur3
818 4020 893 4081 sunt
916 4019 1026 4080 tamen
1048 4015 1111 4079 loci
1135 4013 1271 4098 aliquot,
1301 4013 1357 4078 ubi
1379 4015 1425 4077 in-

280 4126 372 4188 tenta
403 4146 500 4208 quam
532 4125 672 4190 maxime
705 4124 871 4190 oculorum
905 4122 972 4188 acie
1005 4144 1087 4207 opus
1118 4124 1180 4204 est,
1218 4120 1245 4183 si
1275 4123 1425 4184 accurate

352 4370 377 4441 *)
398 4371 428 4428 si
440 4371 470 4427 in
484 4373 622 4442 apparatu
636 4369 733 4425 critico
749 4386 789 4424 ex.
804 4386 845 4439 gr.
861 4369 873 4421 I
888 4376 913 4437 2,
928 4375 962 4424 23
980 4369 1068 4424 babes
1084 4367 1180 4422 ‘dccet
1198 4368 1226 4435 (o
1240 4383 1273 4421 cx
1287 4369 1367 4435 corr.)
1382 4367 1425 4436 θ’,

280 4463 327 4518 hic
345 4460 501 4531 ceterisque
519 4459 589 4516 locis
609 4460 797 4515 correctorem
815 4474 832 4513 a
848 4475 934 4512 manu
953 4455 1075 4512 secunda
1093 4455 1200 4510 factam
1218 4469 1279 4510 esse
1299 4454 1380 4510 scias.
