3294 5118
527 307 532 316 ’
623 315 791 370 LYGDAMI
809 316 863 370 EL.
884 324 909 372 3.
928 323 953 371 4.

344 474 491 540 Stamina
515 499 596 560 quae
621 477 743 547 ducunt
766 477 910 562 quaeque
933 478 1044 542 futura
1069 484 1178 564 neunt,

298 581 350 645 Me
373 586 467 647 uocet
489 583 523 645 in
546 587 659 648 uastos
683 606 795 648 amnes
818 585 1008 669 nigramque
1031 585 1178 668 paludem

344 688 429 753 Ditis
453 694 485 753 et
509 691 630 773 ignaua
652 692 777 756 luridus
802 691 904 757 Orcus
929 715 1020 776 aqua.

233 989 255 1054 4
303 991 343 1055 Di
367 991 500 1056 meliora
523 991 640 1070 ferant,
663 1013 723 1056 nec
747 991 813 1054 sint
831 991 912 1055 mihi
936 993 1172 1078 summanalia,

343 1098 431 1174 Quae
454 1098 530 1163 tulit
553 1097 705 1162 hesterna
727 1099 869 1181 pessima
891 1102 986 1163 noete
1009 1101 1109 1184 quies.

297 1205 345 1269 lte
369 1207 480 1290 procul
502 1205 595 1269 uanis
619 1205 802 1288 falsumque
826 1205 962 1270 auertite
986 1206 1102 1290 uisum,

342 1310 487 1376 Desinite
511 1313 544 1375 in
568 1312 655 1375 notis
679 1333 831 1394 quaerere
855 1312 938 1375 uelle
961 1312 1065 1377 fidem.

228 1434 243 1480 e
280 1417 359 1481 Diui
382 1439 459 1482 uera
482 1422 624 1502 monent,
647 1421 801 1482 uenturae
824 1417 939 1481 nuntia
963 1419 1060 1482 sortis

342 1524 428 1589 Uera
451 1528 584 1588 monent
606 1525 719 1589 Tuscis
743 1528 818 1589 exta
841 1525 979 1608 probata
1002 1525 1094 1588 uiris:

299 1631 432 1696 Somnia
455 1632 564 1696 fallaci
587 1631 703 1696 ludunt
725 1631 899 1696 temeraria
920 1634 1015 1695 noete

342 1737 386 1802 ut
408 1739 544 1822 pauidas
567 1742 694 1804 mentes
717 1739 802 1804 falsa
823 1740 938 1803 timere
962 1739 1083 1803 iubent.

297 1844 342 1909 Et
364 1866 484 1909 uanum
508 1850 662 1910 euentura
685 1846 854 1910 hominum
878 1867 980 1930 genus
1005 1847 1114 1911 omina
1137 1845 1240 1911 noctis

227 1967 259 2015 10
341 1950 440 2015 Farre
462 1953 517 2035 piu
541 1953 672 2035 placant
695 1955 728 2016 et
752 1952 888 2016 saliente
912 1952 1000 2016 sale?

297 2057 342 2121 Et
364 2060 483 2143 tamen,
505 2062 677 2142 utcumque
701 2063 760 2142 est,
783 2059 851 2122 siue
874 2058 923 2122 illi
946 2081 1022 2122 uera
1045 2059 1178 2138 moneri,

341 2153 489 2229 Mendaci
514 2187 627 2230 somno
652 2166 779 2231 credere
804 2167 872 2232 siue
895 2151 1017 2230 uolent:
1048 2241 1053 2252 Ι

296 2271 428 2336 Efficiat
450 2295 552 2338 uanos
575 2275 681 2338 noctis
700 2273 821 2338 Lucina
844 2275 977 2338 timores

340 2377 385 2442 Et
407 2379 529 2444 frustra
552 2380 739 2444 inmeritum
763 2381 968 2464 pertimuisse
993 2381 1081 2464 uelit,

229 2501 260 2548 15
298 2483 332 2550 Si
354 2508 427 2550 mea
449 2507 509 2550 nec
532 2487 618 2570 turpi
642 2509 732 2550 mens
757 2492 806 2554 est
829 2487 970 2552 obnoxia
992 2487 1079 2552 factu

300 2585 302 2590 ’
341 2592 409 2658 Nec
432 2595 528 2657 laesit
551 2615 686 2679 magnos
710 2595 812 2678 impia
834 2595 946 2679 lingua
970 2594 1055 2659 deos.

296 2699 365 2765 Iam
388 2701 463 2767 Nox
487 2701 666 2766 aetherium
689 2701 791 2786 nigris
817 2722 946 2764 emensa
970 2700 1136 2784 quadrigis

340 2807 496 2873 Mundum
520 2809 667 2874 caeruleo
691 2808 817 2872 lauerat
840 2829 934 2872 amne
959 2813 1057 2891 rotas,

281 3003 348 3057 Vna.
368 3023 442 3056 incr.
480 3009 513 3055 36
537 3005 634 3070 neunt]
659 3003 763 3056 canunt
785 3001 932 3068 Heinsius3
957 3006 986 3054 at
1010 3001 1043 3067 cf.
1069 2999 1101 3054 G.
1125 3000 1233 3066 Loeue,
1252 3002 1350 3068 prodr.

208 3092 287 3160 qloss.
307 3093 430 3160 4091137
450 3091 492 3160 in]
512 3092 548 3145 ad
568 3093 595 3143 Ι.
610 3092 647 3144 Η.
673 3091 785 3145 Vossius
798 3091 807 3158 ΙΙ
821 3096 855 3144 38
874 3089 947 3144 Ditis
967 3090 1039 3144 Itali
1045 3111 1052 3143 ι
1070 3089 1155 3144 Diues
1175 3093 1193 3140 0
1210 3093 1214 3158 Ι
1231 3091 1259 3143 et
1273 3104 1302 3147 ςι
1321 3088 1352 3142 in

207 3184 226 3230 0
246 3180 281 3234 ab
300 3181 333 3232 L.
355 3181 507 3234 Muellerus
523 3182 526 3249 l
544 3181 644 3234 orchus
663 3184 694 3235 Δ.
713 3179 798 3234 uecta
816 3178 922 3232 luridus
942 3195 1022 3233 orcus
1041 3178 1101 3233 hat.
1122 3179 1199 3233 Fris,

278 3285 302 3340 4.
332 3288 372 3340 De
392 3287 498 3340 uisione
518 3286 619 3340 somnii
636 3287 666 3341 in
685 3305 739 3356 quo
758 3286 812 3342 sibi
831 3288 864 3341 de
883 3303 968 3341 neera
985 3285 1094 3358 phebus
1112 3285 1280 3340 uaticinatus
1299 3288 1350 3340 est.

206 3376 267 3432 Rea.
286 3381 336 3428 Av
354 3367 455 3446 Elegia
473 3377 511 3429 IV
530 3381 552 3427 c
570 3394 603 3429 m.
623 3393 673 3430 rec.
693 3378 725 3429 iu
743 3382 758 3429 2
778 3377 827 3428 liu.
846 3377 1003 3444 intersint
1023 3372 1060 3426 Di
1078 3378 1111 3427 G:
1131 3374 1177 3428 Dii
1191 3379 1241 3426 Av
1257 3376 1261 3445 Ι
1278 3376 1348 3430 mihi

206 3465 313 3519 somnia
339 3469 370 3518 0:
394 3463 533 3519 insomnia
556 3479 572 3521 ς
595 3467 604 3532 ΙΙ
627 3472 642 3518 2
667 3465 804 3532 hesterna,
829 3466 872 3518 itu
895 3468 914 3514 0
937 3467 946 3532 ΙΙ
969 3469 984 3516 3
1006 3462 1086 3516 uanis
1106 3463 1134 3531 (i.
1153 3479 1174 3517 e.
1198 3463 1233 3516 ad
1251 3467 1350 3534 uanos)

205 3555 316 3622 scripsi:
336 3553 402 3608 uani
421 3558 439 3605 0
459 3571 563 3608 uanum
581 3559 603 3606 V
622 3571 656 3606 m.
672 3559 687 3606 2
702 3570 753 3622 my,
768 3554 808 3622 114
826 3552 928 3607 Desine
948 3555 976 3606 et
994 3552 1023 3604 in
1037 3556 1070 3618 (t,
1090 3567 1158 3604 corr.
1174 3555 1211 3620 gl
1232 3551 1262 3605 in
1275 3552 1350 3607 uotis

207 3648 240 3709 0,
264 3644 336 3711 quod
359 3644 472 3696 correui.
491 3660 540 3698 uec
564 3644 636 3697 euim
655 3643 749 3696 actiuu
771 3642 901 3696 uocabuli
922 3643 1004 3695 notus
1027 3640 1194 3708 sipiificatio
1217 3640 1257 3709 (in
1274 3640 1349 3695 notis

207 3757 241 3776 =
259 3732 289 3784 in
307 3731 347 3784 eis
366 3731 415 3799 qui
432 3748 483 3786 uos
500 3733 614 3800 norunt)
635 3733 747 3799 Pluut0,
769 3732 897 3786 Phaedro
912 3733 1027 3799 aliisque
1041 3730 1146 3782 usitata
1159 3731 1232 3785 tuuc
1240 3737 1350 3800 poetam

206 3821 319 3875 dedecet.
347 3822 518 3875 coniecerunt
542 3821 665 3889 Sculiqci·
686 3821 717 3874 in
738 3821 832 3890 uobis,
857 3821 986 3874 Muretus
1014 3821 1043 3873 iu
1065 3818 1164 3887 uenis,
1190 3819 1298 3875 Statius
1321 3822 1350 3875 in

205 3910 298 3964 uentis
322 3911 366 3964 uei
388 3910 498 3978 inuitis,
522 3909 638 3964 Guietus
660 3909 690 3964 in
713 3909 806 3978 nobis,
830 3910 965 3964 Heinsius
987 3912 1017 3961 in
1035 3908 1110 3962 ueris
1123 3909 1133 3977 ΙΙ
1152 3914 1167 3962 ὅ
1187 3913 1301 3964 manent
1319 3917 1349 3980 (t,

205 4015 273 4053 cocu
294 4018 313 4065 g
335 4001 344 4068 ΙΙ
368 4005 392 4068 7,
412 4006 428 4053 8
451 4000 512 4053 hab.
533 3999 610 4074 Fcis
634 4005 658 4052 ct
683 4001 751 4054 Pur.
775 4001 784 4068 [Ι
807 4006 822 4054 9
842 4001 881 4054 At
899 4018 918 4066 g
938 4001 941 4068 Ι
962 4015 1066 4053 uanum
1085 3999 1220 4052 euentura
1238 4001 1348 4068 scripsi:

205 4105 309 4141 uanum
328 4090 447 4142 uentura
465 4093 486 4139 e
504 4090 603 4142 natum
621 4091 745 4142 maturas
759 4093 809 4141 tv
823 4091 920 4144 natum
935 4090 964 4142 in
979 4105 1058 4143 curas
1074 4103 1090 4145 ς
1104 4104 1208 4142 uanum
1222 4092 1349 4143 metuens

205 4195 224 4242 g
240 4179 244 4246 Ι
261 4175 363 4244 omina,
381 4177 451 4229 ituo
465 4179 475 4246 ss
490 4182 522 4230 10
533 4177 647 4246 placent
656 4182 686 4245 (t,
701 4193 768 4231 corr.
779 4195 798 4242 g
811 4179 820 4246 ΙΙ
836 4184 867 4230 11
878 4177 985 4232 moneri
1000 4179 1053 4246 (tu
1062 4183 1094 4246 u)
1104 4179 1136 4232 iu
1146 4177 1270 4231 monenti
1279 4194 1347 4233 corr.

204 4283 223 4330 g
241 4268 250 4332 ΙΙ
270 4271 302 4318 13
321 4267 456 4320 tremores
475 4267 509 4318 L.
522 4265 674 4318 Muellerus
687 4268 696 4335 lt
712 4271 745 4320 14
758 4266 930 4320 immeritum
944 4271 966 4317 c
983 4269 986 4334 Ι
1002 4266 1170 4336 pertinuisse
1184 4270 1214 4334 A,
1230 4281 1298 4320 corr.
1314 4285 1347 4321 m.

203 4356 525 4424 rcc.1117(a)ethereum
544 4358 594 4406 AV
611 4356 614 4423 l
631 4371 743 4408 emensa
760 4359 783 4406 V
801 4371 852 4436 lup.
872 4372 906 4407 uc.
927 4360 955 4408 2:
980 4373 1087 4410 emersa
1105 4359 1158 4407 AV
1172 4354 1297 4409 dimensa
1313 4362 1347 4426 (ὴ

203 4444 268 4510 fort.
288 4444 420 4498 demensa
