3316 5114
329 329 371 391 22
747 327 892 382 TIBULLI
911 326 978 382 LIB.
998 326 1018 379 I.
1039 332 1062 379 6.

462 491 616 574 Uerberu²
640 491 783 555 detrecto
806 513 873 555 non
893 511 953 574 ego
977 490 1084 554 uincla
1107 489 1233 571 pedum.

348 617 381 664 23
419 599 465 663 At
484 597 564 662 mihi
588 598 616 661 si
640 598 762 681 credes,
784 599 875 662 illum
899 619 1015 682 sequar
1038 618 1121 659 5555
1147 597 1186 660 ad
1206 618 1293 660 aros:

347 722 382 772 34
464 705 556 770 Tunc
580 705 661 769 mihi
684 726 750 769 non
773 705 873 769 oculis
898 705 941 767 sit
963 703 1110 768 timuisse
1135 696 1230 787 m'eis3

348 829 381 877 39
420 809 516 876 Γ11555
535 811 648 895 procul
673 811 799 895 absitis,
823 811 967 895 quisquis
992 810 1071 874 colit
1095 813 1162 874 arte
1187 810 1331 894 capillos,

348 934 382 982 40
463 918 509 982 Et
531 918 603 982 fluit
626 918 727 982 effuso
747 917 799 982 cui
822 921 902 1001 toga
924 917 999 980 luxu
1022 916 1110 999 sinu3

270 1010 273 1016 ¹
420 1024 573 1108 Quisquis
598 1029 631 1090 et
654 1026 808 1106 occurret,
820 1046 872 1088 *ne
895 1023 1000 1106 possit
1022 1024 1144 1087 crimen
1166 1023 1293 1107 hebere,

465 1129 536 1195 Stet
558 1131 671 1215 procul
696 1135 791 1214 atque
815 1130 880 1194 5115
904 1149 937 1192 55
962 1128 1089 1194 auferet
1106 1132 1181 1192 5515
1201 1129 1265 1192 515.

420 1235 472 1301 Sic
495 1238 565 1302 fieri
588 1238 678 1302 iubet
699 1239 769 1320 ipse
792 1238 878 1314 deus,
905 1237 950 1300 sic
973 1257 1092 1321 magna
1115 1236 1263 1301 sacerdos

464 1343 526 1407 Est
549 1344 628 1408 mihi
648 1345 757 1408 diuino
781 1344 961 1408 5511515515
984 1364 1074 1407 5555.

350 1465 384 1513 45
422 1449 511 1514 Haec
533 1451 589 1515 ubi
612 1450 769 1515 Bellonae
793 1453 884 1514 motu
904 1452 953 1513 est
976 1449 1110 1534 agitate,
1134 1470 1318 1513 necaonem

467 1556 659 1642 Flammam,
681 1578 747 1620 non
771 1577 881 1620 amens
905 1555 1041 1619 uerbera
1064 1557 1153 1619 torta
1171 1555 1278 1619 timet:

420 1662 498 1746 Ipsa
521 1663 660 1746 bipenne
680 1682 756 1726 suos
779 1661 885 1726 caedit
906 1661 1050 1725 51515515
1067 1662 1206 1726 lacertos

466 1767 690 1854 Sanguineque
714 1770 815 1834 effuso
840 1769 965 1852 spargit
987 1769 1090 1833 155115
1113 1769 1215 1852 deam,

422 1874 556 1961 Stetque
579 1877 664 1940 latus
682 1876 824 1959 praefixa
846 1897 935 1959 ueru,
959 1878 1026 1940 5151
1049 1875 1158 1939 555515
1180 1879 1302 1959 peetus,

350 1998 384 2048 50
461 1982 506 2046 Et
529 1983 618 2048 55511
640 1985 784 2066 5555155,
813 2003 894 2067 quos
918 1981 977 2046 des
999 2003 1119 2067 magns
1137 1986 1256 2064 monet.

422 2087 571 2171 ‘Parcite
595 2110 691 2173 quam
715 2088 858 2153 custodit
879 2087 991 2170 Amor,
1014 2089 1136 2152 uiolare
1159 2088 1310 2172 puellum,

468 2193 518 2258 Ne
542 2194 653 2280 pigeat
676 2215 795 2280 magno
819 2198 895 2278 post
918 2195 1067 2259 didicisse
1090 2195 1186 2260 melo.

421 2299 595 2385 Attigeris:
619 2300 770 2364 labentur
793 2323 882 2385 opes,
904 2303 941 2365 ut
963 2301 1095 2365 uulnere
1119 2303 1233 2365 nostro

467 2406 616 2491 Sanguis,
639 2409 677 2471 ut
699 2407 753 2472 hic
776 2409 881 2473 uentis
906 2408 1121 2491 diripiturque
1145 2406 1246 2472 cinis'.

352 2529 386 2578 55
423 2513 468 2578 Ε1
490 2513 552 2578 tibi
574 2513 684 2579 nescio
708 2534 804 2597 quem
827 2514 917 2598 dixit,
940 2535 1012 2578 mea
1035 2512 1138 2597 Delie,
1161 2535 1318 2597 poenam:

468 2619 501 2684 Si
525 2624 635 2684 tamen
659 2620 824 2703 admittes,
848 2621 891 2684 sit
913 2642 1027 2704 precor
1049 2620 1107 2683 1115
1131 2620 1221 2684 15515.

424 2725 500 2790 Non
524 2746 584 2810 ego
608 2728 641 2790 te
659 2730 793 2810 propter
816 2748 914 2810 parco
938 2726 1009 2811 tibi,
1032 2725 1088 2790 sed
1111 2730 1168 2790 155
1190 2728 1294 2791 mater

468 2832 521 2897 Me
545 2836 655 2898 mouet
679 2835 775 2917 etque
798 2834 864 2897 ires
888 2855 985 2897 sures
1008 2833 1111 2898 uincit
1133 2855 1223 2897 5555.

425 2939 515 3005 Η555
538 2939 619 3004 mihi
642 2944 675 3004 te
699 2940 830 3006 adducit
853 2942 995 3006 tenebris
1019 2941 1186 3026 multoque
1205 2940 1322 3006 timore

355 3063 389 3111 60
473 3046 653 3132 Coniungit
675 3052 804 3112 nostras
829 3048 912 3112 olam
936 3028 1099 3112 taciturna
1121 3069 1247 3133 manus,

424 3151 515 3217 Haec
538 3154 727 3238 foribusque
751 3156 861 3217 menet
883 3158 982 3218 noctu
1005 3176 1056 3218 me
1080 3153 1178 3218 affixa
1200 3155 1374 3239 proculque

470 3257 648 3345 Cognoscit
672 3262 826 3345 strepitus
850 3282 901 3325 me
924 3261 1073 3325 ueniente
1096 3261 1223 3344 pedum.

425 3364 508 3430 Uiue
531 3366 587 3432 diu
609 3367 699 3451 mihi,
722 3367 824 3431 dulcis
849 3389 945 3433 anus:
968 3368 1118 3452 proprios
1142 3388 1203 3452 ego
1226 3371 1344 3452 tecum,

408 3577 474 3634 Vin
494 3599 568 3634 nscr.
606 3585 640 3633 38
659 3578 786 3633 detrecto
805 3583 828 3629 V
841 3581 850 3648 ΙΙ
864 3585 897 3633 23
917 3579 1000 3633 cedes
1015 3595 1069 3647 pro
1083 3578 1181 3632 credas
1195 3578 1228 3633 L.
1245 3580 1398 3634 Muellerus
1411 3582 1480 3634 cous.

334 3667 343 3738 11
363 3674 397 3722 39
416 3667 494 3721 Τ555
514 3672 547 3721 0:
566 3668 638 3721 Tum
657 3682 674 3725 ς
690 3671 694 3734 Ι
711 3668 780 3722 55115
800 3667 917 3722 Guietus
930 3668 940 3736 ΙΙ
953 3674 987 3720 40
1006 3667 1044 3720 Et
1061 3667 1124 3721 fluit
1141 3682 1171 3725 ςι
1195 3667 1482 3736 1111151101155557

335 3755 342 3826 t
362 3761 396 3809 42
416 3758 553 3824 5155561
578 3758 627 3810 551
649 3760 700 3808 AV
717 3762 720 3823 Ι
737 3771 766 3810 55
790 3754 901 3810 5515551
923 3757 1034 3825 scripsi:
1059 3757 1115 3811 stet
1137 3757 1274 3826 proculo
1299 3756 1360 3810 Stet
1382 3757 1481 3827 procul

335 3847 413 3912 5515,
433 3844 490 3899 5115
509 3846 565 3898 5151
583 3844 681 3913 procul
699 3845 765 3898 5515
783 3842 831 3898 515
850 3843 959 3898 Statius
982 3842 1106 3899 5515115
1125 3862 1153 3899 55
1173 3845 1284 3900 5555151
1301 3845 1482 3900 Buechelerus

337 3933 380 3989 Sit
398 3933 496 4002 procul
515 3935 564 3987 551
586 3932 643 3987 5115
666 3933 722 3987 5151
745 3947 845 4001 precor
868 3934 933 3986 5515
953 3932 1000 3986 515
1022 3933 1056 3986 L.
1076 3933 1229 3988 Muellerus
1251 3936 1261 4004 ΙΙ
1284 3939 1320 3988 45
1345 3936 1423 3990 motu
1447 3941 1482 3991 d:

335 4024 414 4078 15515
433 4027 483 4074 AV
502 4023 559 4091 (sed
577 4023 608 4076 iu
626 4023 674 4076 155
692 4038 761 4076 corr.
780 4037 832 4090 up.
852 4039 885 4076 m.
906 4023 933 4090 2)
946 4024 956 4092 ss
974 4027 1008 4076 46
1028 4021 1157 4077 11155515
1174 4028 1223 4075 AG
1239 4025 1244 4092 Ι
1260 4041 1316 4079 555
1335 4041 1432 4080 amens
1450 4043 1482 4092 g:

334 4128 392 4166 non
410 4112 439 4165 51
457 4125 555 4183 omens
574 4111 673 4179 01147
693 4109 819 4164 51515515
837 4116 871 4168 G:
893 4110 999 4165 5151515
1012 4114 1063 4164 AV
1086 4113 1128 4179 (iu
1146 4113 1195 4166 hoc
1213 4128 1281 4168 corr.
1302 4130 1353 4184 up.
1373 4131 1407 4167 uu.
1428 4117 1454 4184 2)
1473 4115 1483 4185 11

336 4206 370 4255 49
390 4200 507 4268 Stetque
525 4198 600 4252 15155
619 4199 745 4268 praefixe
763 4215 832 4253 uem
850 4201 914 4257 hab.
934 4199 1011 4257 Fris.
1026 4202 1082 4269 1153
1103 4201 1238 4271 Attigerit
1256 4207 1284 4271 0,
1303 4218 1372 4257 corr.
1388 4202 1479 4272 115111

335 4292 368 4344 51
380 4284 419 4345 'ex
437 4291 466 4345 et
484 4304 553 4344 corr.
574 4292 596 4340 (1
614 4288 624 4357 ΙΙ
644 4292 678 4342 55
695 4288 790 4344 555515
814 4307 883 4358 quus
904 4321 934 4330 -
955 4307 1060 4360 poenas
1087 4295 1115 4358 0,
1138 4292 1253 4358 5555551,
1272 4297 1303 4344 51
1326 4309 1354 4345 5.
1379 4291 1482 4346 561115

335 4395 388 4448 quo
411 4378 547 4445 referatur
568 4377 667 4432 151551
688 4377 698 4446 l!
722 4381 756 4432 56
779 4377 830 4433 1115
853 4395 886 4433 eu
908 4378 957 4434 ille
981 4395 1049 4435 corr.
1073 4384 1096 4430 V
1114 4378 1123 4451 1]
1142 4386 1174 4433 61
1196 4396 1239 4434 me
1258 4397 1309 4435 om.
1329 4385 1359 4450 6,
1379 4381 1443 4434 add.
1464 4397 1482 4446 g

337 4474 370 4523 63
390 4467 427 4521 mi
448 4465 536 4522 dulcis
556 4483 624 4523 5555
643 4465 768 4536 Scaliger
780 4469 791 4539 ΙΙ
804 4473 840 4524 64
854 4466 898 4523 su
910 4485 944 4522 55
958 4466 989 4522 Si
1002 4483 1070 4523 corr.
1085 4470 1109 4519 V
