3294 5118
310 344 352 406 82
691 345 1067 404 PSEUDOTIBULLIANA.

562 546 622 619 IV.
665 546 912 622 SULPIOIAE
942 547 1203 622 EPISTOLIA.

333 791 351 857 l
399 792 543 860 Tandem
565 796 656 860 uenit
679 819 779 882 amor,
802 798 931 882 qualem
954 797 1074 863 texisse
1096 797 1218 881 pudore

442 900 546 977 Quam
569 904 709 969 nudasse
733 905 829 1008 alicui
853 905 896 970 sit
918 906 999 970 mihi
1023 906 1110 970 fama
1133 904 1247 968 minor.

396 1009 542 1074 Exorata
565 1012 644 1075 meis
668 1011 760 1076 illum
784 1009 945 1097 Cytherea
968 1010 1119 1078 Camenis

441 1114 565 1180 Attulit
586 1117 621 1180 in
639 1121 788 1184 nostrum
811 1117 1022 1203 deposuitque
1046 1119 1164 1183 sinum.

343 1237 359 1286 t
395 1221 547 1288 Exsoluit
568 1225 729 1308 promissa
747 1224 870 1290 Uenus:
894 1247 966 1290 mea
989 1226 1109 1311 gaudia
1131 1229 1250 1311 narret,

441 1329 577 1395 Dicetur
600 1331 700 1416 siquis
724 1355 791 1398 non
813 1332 966 1398 habuisse
991 1355 1058 1398 sua.

395 1437 471 1503 Non
494 1460 555 1524 ego
580 1438 716 1524 signatis
741 1439 912 1524 quiequam
936 1439 1090 1504 mandare
1113 1438 1251 1524 tabellis,

440 1545 490 1611 Ne
513 1544 603 1630 legat
625 1543 658 1608 id
680 1567 776 1612 nemo
800 1568 897 1630 quam
920 1568 1010 1610 meus
1035 1548 1119 1630 ante,
1142 1547 1250 1631 uelim,

397 1649 458 1715 Sed
482 1673 614 1735 pecasse
637 1652 737 1738 iuuat,
759 1654 871 1718 uultus
896 1675 1087 1737 componere
1111 1653 1217 1718 famae

327 1773 359 1821 10
439 1756 576 1823 Taedet:
600 1781 672 1824 cum
695 1759 794 1846 digno
818 1761 917 1843 digna
939 1761 1041 1825 fuisse
1060 1760 1156 1825 ferar.

332 2023 352 2088 2
398 2024 528 2091 Inuisus
551 2027 671 2093 natalis
696 2028 798 2107 adest,
820 2029 875 2112 qui
897 2050 970 2093 rure
994 2029 1132 2095 molesto

440 2131 486 2197 Et
508 2133 577 2198 sine
601 2132 754 2200 Cerintho
777 2135 882 2200 tristis
906 2136 1049 2223 agendus
1073 2137 1144 2201 erit.

397 2238 531 2303 Dulcius
555 2240 635 2304 urbe
659 2240 735 2324 quid
759 2239 832 2305 est?
857 2263 899 2305 an
920 2242 1001 2306 uilla
1026 2241 1069 2306 sit
1092 2244 1171 2324 apta
1194 2242 1321 2325 puellae

440 2344 549 2430 Atque
572 2344 724 2412 Arretino
749 2346 886 2432 frigidus
910 2350 1013 2414 amnis
1037 2346 1138 2434 agro?

344 2468 359 2515 5
396 2450 481 2536 Iam,
504 2451 642 2517 nimium
664 2451 804 2518 Messala
828 2455 892 2518 mei
916 2456 1068 2539 studiose,
1092 2454 1248 2540 quiescas

440 2556 512 2623 Neu
535 2561 746 2643 tempestiuae
770 2564 910 2646 tfsaepe
932 2562 1114 2647 propinque
1137 2563 1158 2643 1
1181 2560 1262 2628 uiae.

396 2665 458 2730 Hic
482 2666 625 2731 animum
649 2689 824 2753 sensusque
848 2690 937 2734 meos
962 2669 1101 2733 abducta
1123 2668 1285 2754 relinquo,

443 2770 590 2838 Arbitrio
614 2774 768 2859 quoniam
790 2797 857 2840 non
881 2775 959 2839 sinis
984 2797 1054 2840 esse
1077 2796 1159 2840 meo.

378 2967 445 3021 Vsu.
465 2987 538 3022 incr.
575 2966 622 3024 IV.
652 2966 793 3038 Sulpiciae
812 2966 945 3038 epistolia
958 2969 1063 3024 addidi.
1079 2985 1188 3024 carmen
1203 2973 1216 3022 1
1232 2985 1293 3022 cam
1307 2967 1453 3036 Grappius

305 3057 400 3125 priori
424 3057 497 3126 apoto
521 3057 710 3125 adtribuisset,
734 3057 918 3112 Rossbachius
940 3059 1041 3112 sestias
1063 3059 1196 3127 epistoliis
1219 3058 1392 3112 uindicaaii:
1427 3056 1459 3123 cs

308 3146 370 3201 libr.
394 3151 518 3200 austrum
543 3145 618 3200 ‘Tit
641 3145 740 3200 Bisa!
761 3162 792 3216 p.
816 3151 859 3200 42.
898 3145 1059 3201 Gratulatio
1083 3147 1119 3201 ad
1142 3163 1272 3201 uenerem
1295 3146 1330 3200 de
1349 3145 1453 3200 amoris

306 3235 431 3290 obtentu.
464 3235 525 3288 Rct.
559 3237 610 3285 AV
641 3233 685 3288 Ad
703 3233 842 3288 Uenerem
861 3238 882 3285 fl
900 3249 935 3287 m.
954 3251 1004 3289 rec.
1025 3235 1077 3290 litt.
1095 3235 1208 3291 maiasc.
1231 3237 1241 3306 11
1265 3241 1279 3289 1
1299 3235 1405 3304 pudore
1420 3239 1452 3288 0:

305 3321 407 3394 pudori
427 3339 443 3381 ς
463 3324 558 3378 Plaat.
573 3325 612 3394 1Ιῖ
632 3322 724 3378 minor
742 3322 827 3377 Itali:
847 3323 937 3393 magis
956 3327 975 3376 0
997 3324 1106 3391 Plani.;
1124 3323 1218 3377 malim
1231 3323 1308 3377 fama
1322 3323 1398 3378 mala
1412 3326 1454 3393 (at

305 3413 399 3482 potius
417 3413 555 3484 suppleas)
579 3414 589 3482 11
612 3417 627 3466 5
646 3411 762 3466 Excluit
781 3416 830 3464 GV
843 3412 883 3482 116
903 3430 953 3467 sua
971 3419 1028 3480 Fg:
1049 3430 1128 3468 suam
1146 3417 1197 3464 AV
1216 3430 1296 3466 suum
1316 3413 1390 3481 ⁰118
1409 3413 1451 3465 Ne

306 3504 348 3556 ita
366 3507 388 3554 (i
406 3501 449 3557 Ne
469 3502 578 3558 Placet:
597 3500 643 3556 Me
661 3505 712 3553 AV
730 3500 769 3555 Vt
787 3501 879 3572 Itali!
899 3501 929 3556 id
946 3519 1029 3557 nemo
1052 3506 1074 3553 G
1094 3501 1203 3554 Placet:
1226 3499 1256 3554 id
1274 3499 1357 3555 uenio
1376 3504 1424 3553 AV
1445 3499 1449 3571 1

308 3592 407 3664 uelim]
426 3591 506 3646 uenit
524 3596 546 3643 V
564 3608 599 3644 m.
619 3596 634 3645 2
653 3606 705 3659 inp.

379 3682 408 3735 2.
446 3679 568 3750 Sulpitia
587 3679 622 3733 ad
640 3679 801 3734 Messallam
820 3685 841 3731 F
861 3678 986 3748 Sulpicia
1004 3677 1109 3747 (Sculp.
1125 3679 1157 3747 Δ)
1171 3678 1298 3750 messala
1317 3679 1378 3732 It02.
1402 3681 1452 3730 AV

308 3769 352 3824 Ad
370 3769 521 3823 Messalam
540 3772 561 3819 fl
579 3785 614 3822 m.
633 3784 684 3822 ree.
704 3769 755 3823 litt.
774 3769 886 3822 maiasc.
905 3769 915 3836 1
935 3773 948 3821 1
969 3766 1029 3835 qui,
1052 3766 1063 3820 i
1080 3783 1113 3821 ea
1132 3783 1201 3822 corr.
1219 3771 1242 3818 A
1255 3769 1295 3835 13
1318 3767 1451 3836 puell(a)e

309 3864 368 3913 01²:
387 3857 488 3928 puellis
508 3856 578 3926 ς114
597 3857 720 3911 arretino
740 3875 771 3922 g:
790 3857 897 3911 aretino
913 3861 932 3908 0
948 3856 1043 3911 Plaat.
1062 3860 1095 3910 ut
1108 3856 1215 3911 aretino
1230 3874 1249 3922 g
1262 3872 1313 3925 asp.
1333 3856 1451 3910 Reatino

308 3947 466 4002 Hasahlcias
482 3949 486 4015 1
503 3963 591 4000 annus
610 3947 679 4015 ς116
698 3945 759 4000 Neu
779 3950 810 4000 0:
830 3945 894 4000 Non
908 3960 924 4004 ς
940 3946 1035 4000 Plaat
1054 3945 1118 4000 Heu
1131 3950 1153 3997 V
1166 3963 1200 4000 m.
1216 3952 1232 3999 2
1249 3948 1253 4015 1
1269 3947 1355 4000 acrba
1367 3961 1452 4015 saepe

307 4037 463 4108 propinqua
481 4037 606 4105 prauitas
624 4040 767 4104 σωτηρίῳ
791 4036 855 4102 sort.
874 4036 937 4090 Neu
955 4035 975 4090 t.
995 4051 1080 4105 perge
1098 4051 1211 4089 monere
1230 4035 1302 4089 uiae.
1321 4037 1452 4104 aalysiae

306 4127 371 4182 Non
388 4128 518 4182 insistens
535 4125 672 4180 Robertas
696 4124 833 4194 Upperas,
851 4126 886 4179 de
909 4124 1003 4194 Ualpii
1020 4124 1089 4191 Rufi
1105 4124 1238 4192 poematis
1252 4139 1343 4178 comm.
1353 4140 1384 4192 p.
1399 4129 1450 4179 471

306 4233 354 4287 sq,
373 4215 488 4270 coniecit
506 4229 589 4268 saeue
607 4213 777 4284 propinque,
803 4218 835 4267 at
852 4214 995 4282 penaiaas
1012 4211 1175 4281 aquiescas
1194 4213 1332 4282 pendeat.
1354 4214 1404 4266 hoc
1428 4213 1454 4267 si

302 4305 419 4376 probas,
445 4304 499 4375 laps
517 4302 645 4372 quiescas
665 4301 721 4357 Oen
739 4303 934 4373 tempestiuae,
954 4319 1037 4358 saeue
1056 4301 1220 4372 propinque,
1239 4301 1311 4358 uiae.
1325 4303 1365 4372 18
1385 4319 1453 4372 qno·

305 4394 383 4450 niam
403 4399 437 4448 G:
456 4393 584 4463 quamuis
603 4397 653 4446 AV
673 4393 783 4462 Plaat.;
801 4394 896 4448 malim
914 4410 998 4463 quom
1017 4410 1062 4448 me
1078 4395 1083 4461 Ι
1099 4390 1167 4447 sinit
1184 4391 1293 4448 Statius
