3316 5114
658 344 944 401 recensemus.
1332 326 1371 396 ix

226 511 261 573 in
280 510 424 592 exemplis
443 509 607 574 asscribere
625 513 781 572 contentus
792 508 850 590 sni,
869 509 922 572 scd
939 511 968 570 et
979 508 1080 571 doctos
1098 511 1188 588 otone
1200 508 1372 572 illnstrotos

226 615 375 695 homines,
398 617 452 698 qni
473 615 681 680 bninseemoolr'
697 618 876 695 poemctnm
899 613 1029 677 studiosi
1049 611 1208 692 nubentur,
1234 635 1293 696 qno
1315 615 1372 679 titi

226 723 329 804 quood
341 743 461 803 possem
477 722 693 801 'incorruptum
711 741 786 802 optes
801 720 1005 802 perducerem,
1029 717 1124 782 obisse
1144 723 1172 782 et
1189 719 1372 802 aliquotiens

226 849 264 894 en
285 829 384 892 Proto
406 828 603 892 Florennom
627 822 701 912 (sic)
730 827 788 890 iter
809 825 977 903 boboissa
994 824 1048 888 nti
1072 823 1259 908 Seroptircm
1283 827 1372 893 Urbi·

226 940 343 1018 nclem,
375 932 547 998 Iohannem
569 933 761 1016 Protenscm,
794 931 981 998 Nicbolonm
1006 930 1173 1008 Niebolnm
1200 939 1372 1000 acceleres

226 1061 293 1105 nno
315 1041 452 1105 alterane
474 1041 510 1104 de
531 1060 564 1104 re
586 1039 737 1104 consultos
758 1039 900 1119 facerem.
931 1039 1105 1119 namquid
1126 1039 1191 1120 ipse
1213 1041 1304 1120 qnasi
1325 1042 1371 1105 cii-

226 1147 301 1212 m‘no
329 1147 462 1228 qnodom
487 1145 567 1227 slotn
587 1145 786 1228 profecerim,
817 1146 853 1209 ici
871 1149 1039 1228 praetereo.
1084 1149 1161 1208 certe
1187 1166 1289 1210 necno
1315 1167 1373 1229 qne

224 1254 354 1335 fnnont
373 1257 522 1318 netnstote
548 1256 605 1317 ont
626 1253 810 1334 scm'plornm
836 1253 917 1317 nicio
939 1253 1107 1334 deperdito,
1137 1273 1203 1317 meo
1224 1257 1261 1317 nt
1281 1254 1374 1318 cinni

227 1381 295 1424 men
318 1357 345 1425 te
369 1343 589 1455 [lege'morte]
608 1359 757 1441 supplem.
792 1380 885 1440 neone
908 1364 1010 1424 tomen
1033 1359 1137 1442 omisi,
1160 1359 1189 1424 si
1209 1361 1372 1442 qnicqncm

219 1471 256 1530 *et
282 1465 320 1530 nb
343 1466 446 1530 ceteris
473 1468 549 1528 esset
573 1465 726 1548 odditnm,
756 1470 793 1536 nt
814 1485 852 1530 en
874 1466 940 1547 ipso
962 1465 1094 1546 spectari
1116 1466 1259 1546 opnscnlo
1280 1467 1373 1547 focile

189 1578 191 1582 ’
223 1577 329 1656 polest
375 1571 540 1636 ocimoclnm
556 1591 663 1652 ponec
690 1575 726 1636 nt
747 1571 857 1654 opinor
883 1572 918 1635 r'n
941 1575 1004 1634 toto
1027 1592 1123 1636 conso
1150 1593 1198 1636 me
1218 1572 1373 1656 snpernnt²

228 1685 257 1744 et
284 1700 321 1743 eo
349 1678 430 1742 notis
457 1678 618 1761 assipnotn
644 1679 756 1760 reliqm'
782 1679 886 1743 ceteris
914 1681 971 1742 ont
997 1679 1060 1760 ipsi
1089 1679 1182 1743 etiem
1211 1678 1301 1758 mibi,
1333 1681 1374 1745 si-

227 1787 350 1869 quando
370 1786 494 1851 liberine
512 1786 612 1850 occ'nm
630 1805 679 1849 ero
698 1789 807 1852 nnctns
825 1791 853 1850 et
865 1786 1015 1850 maiman
1032 1787 1151 1869 copiam
1170 1787 1374 1872 uoluminum,

228 1914 264 1958 en
289 1893 399 1974 onibus
425 1893 559 1958 obsoleta
588 1894 676 1978 [lege
706 1893 855 1973 obsoleto]
879 1897 1064 1975 repetuntur.
1109 1894 1227 1958 intereo
1252 1895 1374 1976 qualem

228 1999 308 2064 tnnc
319 2001 454 2083 proinde
473 2000 556 2084 iopes,
577 2001 651 2064 dnm
668 2000 824 2083 intellipos
841 1998 896 2064 boe
912 2020 975 2064 non
993 2020 1054 2065 esse
1072 2000 1204 2065 alterum
1221 2002 1255 2065 c'n
1274 2001 1374 2065 Itolio

217 2097 490 2188 'cnemmpmrem
536 2111 666 2171 ceternm
695 2108 808 2188 etipse
830 2107 1016 2189 odnrpc'lobis
1038 2111 1075 2171 nt
1095 2112 1124 2171 et
1139 2127 1199 2190 per
1222 2112 1249 2171 te
1270 2107 1372 2172 moltis-

227 2214 375 2298 sr'mnslet
396 2196 604 2278 snonissimns
619 2218 712 2296 poete
734 2213 883 2295 quapiam
906 2233 943 2278 erc
958 2219 1051 2296 porte
1073 2215 1242 2280 reminiscat
1263 2235 1300 2278 nc
1317 2215 1376 2296 lint

193 2349 197 2356 ·
227 2320 388 2384 illustrior.
430 2319 512 2384 Vola.
633 2365 634 2370 η
954 2299 957 2317 ’

318 2464 372 2528 En
394 2463 491 2526 Proto
515 2421 548 2526 il
567 2461 640 2526 Kar
657 2461 821 2526 decembres
843 2466 937 2526 1434.

317 2639 443 2705 Horum
475 2637 577 2726 igitur
608 2639 768 2705 Italorum
804 2640 995 2706 coniecturis
1030 2641 1374 2727 emendationibusque

230 2745 319 2834 (nam
349 2771 426 2814 sanc
453 2747 540 2811 haud
568 2769 642 2811 raro
670 2747 837 2830 praeclara
865 2769 964 2831 opera
995 2750 1194 2831 corruptelas
1222 2748 1373 2833 antiquas

231 2851 445 2938 sustulerunt)
468 2853 632 2916 liberrime
653 2853 806 2917 inmutati
826 2856 902 2918 sunt
919 2854 995 2919 libri
1018 2852 1093 2917 inde
1112 2854 1152 2917 ab
1173 2854 1293 2919 sacculi
1311 2853 1373 2919 XV

229 2959 323 3026 initio
352 2959 476 3022 exarati
503 2958 631 3023 tantum
658 2980 724 3022 non
752 2979 873 3022 omnes.
919 2959 1118 3024 examinanti
1145 2964 1252 3025 autem
1277 2961 1373 3027 istius

229 3065 317 3130 modi
344 3064 469 3128 codices
503 3085 575 3128 cum
603 3061 885 3129 Lachmannianos
914 3067 984 3129 tum
1012 3069 1134 3130 eeteros
1162 3067 1285 3148 passim
1317 3090 1375 3152 per

229 3172 443 3238 bibliothecas
476 3193 619 3256 sparsos,
655 3193 790 3256 quorum
818 3171 945 3256 quidem
974 3172 1067 3256 eopia
1097 3173 1164 3237 siue
1192 3174 1273 3237 mihi
1304 3174 1373 3239 siue

230 3279 341 3345 amicis
365 3280 453 3344 facta
476 3282 538 3361 est,
561 3277 656 3342 facile
680 3277 844 3363 apparuit,
868 3300 975 3344 eorum
1000 3279 1097 3363 longe
1120 3279 1277 3362 plurimos
1301 3302 1373 3363 par-

228 3385 288 3449 tim
306 3407 346 3450 ex
362 3385 393 3448 A
416 3385 535 3467 partim
554 3382 636 3446 exV
654 3405 711 3468 per
729 3382 837 3448 uarios
857 3383 976 3467 gradus
994 3383 1126 3448 fluxisse
1145 3385 1242 3448 latius
1261 3384 1373 3450 latius·

229 3513 289 3574 que
312 3495 345 3556 et
367 3489 617 3574 interpolatione
641 3491 674 3552 et
693 3487 923 3572 deprecatione
946 3488 1104 3572 paulatim
1124 3492 1282 3574 serpente.
1312 3490 1374 3557 hoc

228 3601 339 3662 tamen
363 3597 551 3682 quaestione
565 3599 625 3682 'cst
648 3595 795 3680 dignum,
825 3617 903 3658 uum
927 3597 1125 3660 correctores
1150 3594 1206 3660 isti
1230 3595 1305 3662 Itali
1329 3598 1373 3662 al·

229 3705 335 3766 terum
358 3703 505 3767 diuersae
530 3703 640 3788 stirpis
662 3701 805 3767 codicem
823 3704 988 3766 uetustum
1011 3699 1218 3767 adhibuerint
1242 3706 1373 3770 ansolo

230 3807 298 3871 nixi
315 3807 448 3892 ingenie
467 3830 536 3872 rem
555 3809 689 3893 egerint.
721 3811 755 3873 et
773 3807 935 3873 Lucienus
956 3806 1084 3892 quidem
1102 3806 1278 3874 Muellerus
1302 3831 1374 3876 cum

230 3912 355 3978 uideret
381 3912 574 3978 lectionibus
604 3915 771 3980 nonnullis
802 3918 1026 3998 excerptorum
1052 3914 1273 3980 Parisinorum
1301 3939 1374 4002 pro-

228 4021 308 4105 priis
331 4019 470 4085 infectos
494 4041 563 4084 esse
586 4021 640 4085 hic
662 4021 730 4092 illic
755 4022 880 4106 aliquot
898 4021 998 4085 libros
1022 4005 1275 4108 recentissimos,
1297 4025 1374 4090 hinc

229 4127 450 4213 grammaticis
473 4126 564 4192 Italis
593 4127 628 4192 in
650 4129 800 4193 manibus
823 4128 925 4192 fuisse
948 4129 1020 4211 ipsa
1043 4129 1100 4194 illa
1125 4134 1276 4214 excerpta
1299 4153 1373 4196 con·

230 4233 326 4298 clusit
357 4234 473 4318 [praef.
498 4232 538 4298 ad
561 4233 632 4298 Tib.
660 4257 690 4318 p.
714 4233 790 4314 XI}
836 4235 920 4319 quod
947 4235 1037 4299 nullo
1067 4238 1155 4301 certe
1183 4242 1373 4321 argumente

230 4343 340 4424 potest
368 4341 572 4426 comprobari.
618 4340 726 4426 itaque
750 4340 810 4404 hac
835 4341 927 4404 inre
954 4363 1020 4405 non
1043 4343 1148 4406 minus
1171 4343 1297 4407 fallitur
1324 4345 1374 4409 uir

230 4447 342 4514 doctus
370 4470 468 4533 quam
494 4449 529 4514 in
552 4470 590 4515 eo
614 4448 700 4534 quod
723 4446 898 4514 Francisco
921 4447 1037 4513 Puccio
1067 4449 1229 4530 exemplar
1252 4451 1374 4518 nostris
