3294 5118
598 331 741 386 TlBUhhl
760 331 827 387 LIB.
847 333 868 385 I.
889 337 931 388 10.

755 660 797 731 X.

294 834 372 912 Quis
396 834 467 911 fuit,
490 833 668 898 horrendos
691 831 815 915 primus
840 832 895 917 qui
918 831 1055 916 protulit
1078 829 1193 895 enses?

339 940 443 1016 Quam
466 938 554 1004 ferus
578 942 611 1003 et
632 960 707 1002 uere
729 937 853 1002 ferreus
876 938 933 1003 ille
954 939 1028 1003 fnit!

294 1048 378 1111 Tum
401 1048 514 1112 caedes
536 1047 703 1113 hominum
728 1045 847 1131 generi,
870 1049 940 1110 tum
962 1045 1084 1130 praelio
1107 1048 1194 1131 nata,

339 1155 423 1219 Tum
446 1155 575 1219 breuior
598 1153 692 1218 dirae
711 1153 826 1219 mortis
851 1157 964 1237 aperta
982 1154 1037 1217 uia
1061 1156 1119 1216 est.

223 1277 239 1325 5
280 1262 326 1326 At
348 1261 429 1325 nihil
452 1260 507 1324 ille
530 1262 629 1325 miser
651 1261 782 1324 meruit:
805 1282 864 1324 nos
888 1260 928 1326 ad
952 1259 1037 1324 mala
1059 1261 1173 1324 nostra

339 1367 514 1453 Uertimus,
537 1369 571 1433 in
591 1389 704 1432 saeuas
728 1367 814 1451 quod
838 1367 924 1432 dedit
947 1368 1001 1431 ille
1023 1366 1119 1431 feras.

294 1475 416 1540 Diuitis
440 1477 502 1540 hoc
524 1477 641 1540 uitium
665 1479 715 1540 est
737 1477 816 1560 auri,
838 1498 898 1540 nee
922 1475 1007 1540 belle
1030 1473 1171 1560 fuerunt,

338 1582 482 1668 Faginus
507 1584 637 1648 astabat
661 1606 734 1648 cum
758 1583 897 1668 scyphus
921 1585 996 1647 ante
1020 1580 1128 1664 dapes.

294 1689 368 1755 Non
394 1713 493 1776 arces,
517 1714 582 1755 non
607 1691 712 1755 uallus
737 1694 817 1776 erat,
841 1711 1054 1775 somnumque
1077 1687 1210 1772 petebat

227 1813 258 1860 10
341 1795 477 1862 Securus
499 1799 610 1882 ¹uarias
634 1798 697 1862 dux
721 1799 830 1884 gregis
853 1800 938 1864 inter
961 1819 1047 1864 oues.

295 1903 386 1968 Tunc
409 1905 491 1968 mihi
514 1904 583 1968 uita
606 1905 693 1969 foret
714 1905 827 1989 dulcis,
850 1927 910 1969 nec
933 1904 1043 1968 tristia
1060 1925 1191 1968 nossem

338 2011 441 2074 Arma
463 2031 523 2074 nec
547 2010 708 2074 audissem
732 2010 826 2076 corde
850 2011 989 2074 micante
1013 2009 1136 2074 tubam.

294 2114 389 2180 Nune
413 2117 453 2180 ad
477 2116 564 2180 bella
587 2116 709 2202 trahor,
733 2121 766 2181 et
788 2117 853 2182 iam
877 2118 948 2202 quis
972 2117 1111 2182 forsitan
1133 2117 1237 2182 hostis

283 2289 284 2294 ,
338 2223 487 2288 Haesura
510 2225 545 2288 in
568 2227 681 2297 nestro
705 2227 770 2290 tela
793 2225 878 2310 gerit
900 2224 1028 2288 latere‘

225 2347 257 2394 15
296 2328 358 2395 Sed
381 2332 481 2415 patrii
505 2337 632 2397 seruate
655 2331 768 2396 Lares:
796 2331 923 2396 aluistis
947 2333 981 2394 et
1003 2331 1097 2414 idem,

339 2435 512 2502 Cursarem
535 2443 661 2504 uestros
685 2461 758 2502 curn
780 2441 871 2501 tener
894 2440 970 2501 ante
993 2435 1101 2519 pedes.

293 2543 366 2609 Neu
387 2546 508 2628 pudeat
530 2547 636 2630 prisco
660 2567 813 2619 uosesse
836 2567 853 2608 e
878 2544 989 2628 stipite
1012 2544 1129 2609 factos:

339 2649 392 2716 Sic
415 2655 534 2718 ueteris
559 2653 649 2718 sedes
673 2652 853 2718 incoluistis
878 2651 941 2716 aui.

294 2758 385 2824 Tunc
408 2761 524 2825 melius
548 2765 678 2827 tenuere
701 2761 807 2845 fidem,
830 2780 1067 2842 cumpaupere
1090 2758 1177 2822 cultu

227 2882 259 2928 20
341 2863 458 2931 Stabat
481 2869 518 2932 in
541 2868 657 2952 exigua
681 2868 807 2952 ligneus
832 2865 909 2930 aede
933 2865 1020 2929 deus.

294 2972 355 3037 Hic
378 2975 525 3056 placatus
550 2978 627 3058 erat,
651 2996 708 3038 seu
732 2977 802 3057 quis
825 2972 985 3037 libauerat
1007 2993 1105 3035 uuam

340 3079 403 3144 Seu
426 3081 558 3145 dederat
582 3084 714 3145 sanctae
738 3079 847 3164 spicea
870 3082 957 3142 serta
981 3099 1107 3160 comae3

294 3186 401 3271 Atque
425 3187 543 3273 aliquis
567 3187 637 3252 uoti
660 3209 792 3270 compos
815 3185 884 3250 liba
905 3186 975 3268 ipse
998 3184 1124 3250 ferebat

339 3293 482 3380 Postque
506 3316 613 3359 comes
632 3316 749 3377 purum
772 3293 841 3358 filia
863 3314 966 3376 parua
988 3292 1109 3358 fanum.

197 3565 198 3569 ¹
277 3576 345 3630 Vin.
364 3597 437 3632 uror.
475 3577 509 3632 X.
537 3576 621 3632 Albii.
646 3574 760 3630 Tibulli.
784 3575 892 3643 poetae.
917 3573 964 3633 in.
988 3573 1030 3628 ds.
1052 3575 1201 3630 amoribus.
1220 3577 1350 3634 nemesis.

206 3665 278 3718 liber
309 3664 335 3717 ΙΙ
367 3667 418 3722 iiii.
452 3668 564 3721 muiusc.
597 3667 673 3720 rubr.
703 3670 725 3716 0
752 3665 821 3718 miro
850 3679 948 3718 errore.
993 3663 1157 3718 Detestatur
1189 3665 1264 3720 belle
1292 3667 1352 3721 lau-

207 3754 275 3807 dans
301 3755 405 3808 etatem
428 3755 549 3824 primam
577 3755 629 3826 [pr.
658 3757 694 3809 et.
722 3755 757 3825 V]
787 3757 815 3808 et
842 3769 950 3822 pacem.
982 3753 1043 3807 Rea.
1075 3756 1153 3830 Avi!
1177 3760 1263 3809 1-10
1290 3756 1352 3812 hub.

209 3841 277 3895 Pur.
291 3843 330 3910 113
356 3844 426 3897 Tum
452 3845 533 3900 Pau:
557 3844 634 3899 Tunc
664 3847 780 3914 olium
807 3847 859 3894 AV
879 3843 960 3896 Pau:
984 3844 1051 3897 tunc
1075 3844 1150 3912 0114
1175 3843 1293 3898 Tuncd
1316 3844 1353 3896 Et

208 3931 276 3984 Pur.
299 3933 309 4000 11
332 3939 347 3986 5
371 3934 410 3986 At
432 3936 465 3987 G:
495 3934 538 3986 An
561 3938 611 3985 AV
639 3935 683 3988 Ah
712 3933 741 3988 J.
771 3933 810 3988 H.
840 3932 952 3986 Vossius
981 3933 985 3998 1
1014 3931 1119 3985 Forsan
1146 3934 1175 3985 et
1201 3931 1251 3985 ille
1279 3932 1351 3986 nihil

206 4020 308 4073 meruit
329 4021 395 4076 Pur.
410 4022 450 4090 118
470 4022 589 4091 aptabat
608 4023 676 4077 Pur,
694 4023 836 4092 {scyphus
855 4024 889 4075 G:
910 4020 1007 4088 ciphus
1026 4023 1077 4070 AV
1097 4019 1165 4074 Pur.
1184 4038 1214 4087 p;
1240 4020 1352 4089 sciphus

208 4111 275 4164 Pur.
295 4131 312 4164 n
331 4116 370 4176 et,
389 4127 458 4179 quae
475 4111 525 4164 hoc
542 4111 707 4164 uocabulum
730 4111 864 4175 euhiheui,
889 4109 966 4164 Fris.
984 4111 988 4177 1
1009 4107 1108 4179 dapes]
1128 4125 1236 4163 merum
1257 4110 1324 4164 Pur.
1344 4110 1353 4180 11

208 4205 241 4252 10
255 4198 358 4270 uarias]
374 4201 483 4265 saturas
497 4199 632 4252 Heinsius
641 4215 745 4254 uacuas
758 4198 963 4264 Brouhhusius3
977 4197 1072 4250 muiiu
1082 4214 1190 4266 sparsas
1200 4198 1208 4268 11
1219 4204 1249 4252 11
1262 4197 1352 4252 duleis

206 4286 353 4341 Heinsius:
371 4287 451 4358 uulgi
470 4291 489 4340 0
508 4287 518 4356 1
538 4293 570 4341 12
589 4286 723 4356 micante]
742 4289 881 4341 tremente
898 4291 921 4338 V
939 4303 973 4342 ui.
993 4292 1009 4339 2
1028 4289 1038 4354 11
1058 4292 1090 4340 15
1108 4287 1224 4352 fortusse
1243 4285 1351 4340 aluistis

206 4374 298 4430 cidem
320 4377 330 4445 11
355 4383 386 4430 12
410 4381 478 4432 eo:
502 4394 520 4433 a
542 4391 559 4435 ς
581 4379 591 4448 1
616 4382 648 4432 18
667 4376 771 4432 ueteris
791 4392 820 4434 ςι
843 4378 953 4458 ueteres
973 4379 992 4428 0
1015 4378 1024 4445 11
1047 4382 1079 4428 21
1100 4393 1157 4430 uua
1174 4382 1197 4428 Δ
1215 4392 1300 4430 uuam
1320 4393 1353 4430 eu

92 4512 101 4530 ,
206 4481 292 4517 unam
311 4481 380 4520 corr.
399 4483 434 4522 ui.
450 4473 465 4521 2
481 4467 573 4536 21123
588 4466 650 4536 ipse
672 4486 703 4534 g:
722 4466 785 4536 ipsa
804 4471 823 4520 0

260 4563 392 4606 Trnunnus.
1122 4560 1138 4609 3
1194 4603 1202 4623 ·
