3316 5114
624 351 771 406 TIBULLI
789 350 856 405 LIB.
876 351 897 403 l.
916 355 941 403 2.

234 537 267 585 60
350 519 480 583 Omnia:
506 519 544 583 de
568 539 619 582 me
642 538 708 582 uno
732 513 852 579 sentiet
873 513 928 577 ille
951 508 1060 595 nihil).

305 627 391 702 Quin
414 624 563 691 credam?
586 645 703 706 nempe
725 622 805 686 haee
829 620 939 685 eadem
963 640 997 682 se
1022 617 1102 682 dixit
1126 637 1252 682 amores

351 731 509 798 Cantibus
533 733 590 795 aut
612 729 721 794 herbis
746 728 873 793 soluere
896 746 992 808 posse
1015 746 1114 807 meos,

306 840 351 903 ut
374 860 425 903 me
448 837 602 902 lustrauit
624 836 742 914 taedis,
765 838 799 899 et
821 836 916 898 noete
940 853 1054 896 serena

352 943 501 1010 Concidit
525 944 566 1010 ad
588 943 733 1028 magicos
755 941 865 1005 hostia
887 940 978 1023 pulla
1001 938 1087 1003 deos.

235 1067 268 1116 65
306 1051 381 1116 Non
404 1071 465 1136 ego
489 1054 578 1117 totus
603 1051 732 1114 abesset
755 1069 859 1131 amor,
875 1047 941 1111 sed
964 1050 1095 1111 mutuus
1119 1047 1214 1128 esset,

353 1157 507 1242 Orabam3
530 1179 589 1222 nee
611 1160 644 1221 te
667 1178 763 1240 posse
788 1176 895 1220 carere
914 1153 1020 1219 uelim.

304 1264 441 1330 Ferreus
463 1267 518 1331 ille
542 1265 617 1351 fuit,
640 1264 709 1349 qui,
732 1268 765 1328 te
788 1285 861 1329 oum
885 1264 997 1346 posset
1019 1260 1149 1342 habere,

349 1371 501 1438 Maluerit
523 1371 659 1456 praedas
684 1370 803 1436 stultus
827 1376 860 1433 et
884 1391 974 1433 arma
998 1368 1096 1450 sequi.

306 1479 365 1544 Ille
388 1479 465 1546 lieet
488 1479 625 1545 Cilicum
647 1478 751 1543 uictas
776 1481 854 1562 agat
877 1480 950 1540 ante
975 1478 1131 1557 cateruas,

235 1605 268 1652 το
351 1586 456 1651 Ponat
479 1585 568 1650 etin
591 1587 686 1667 capto
709 1582 831 1648 Martia
853 1586 961 1647 eastra
984 1582 1064 1666 solo,

206 1702 210 1710 '
306 1693 410 1758 Totus
434 1696 466 1756 et
490 1694 624 1777 argento
648 1692 828 1771 contextus,
850 1692 939 1754 totus
963 1692 996 1752 et
1020 1708 1108 1772 auro,

350 1801 495 1866 Insideat
519 1799 613 1864 aeleri
637 1796 881 1880 conspiciendus
906 1817 1001 1879 equo:

309 1909 384 1992 Ipse
407 1908 522 1988 boues,
545 1903 641 1969 modo
667 1904 695 1967 si
717 1906 838 1986 tecum,
861 1924 934 1967 mea
957 1902 1068 1987 Delia,
1090 1903 1214 1986 possim

351 2015 489 2099 Iungere
513 2015 546 2076 et
567 2012 602 2075 in
626 2011 695 2075 solo
719 2031 852 2093 pascere
876 2014 986 2075 monte
1010 2033 1121 2094 peous3

236 2138 269 2187 75
308 2121 367 2205 Ei,
391 2125 423 2185 te
447 2119 523 2182 dum
546 2118 643 2182 liceat
664 2117 784 2182 teneris
808 2117 946 2182 retinere
970 2117 1109 2201 lacertis,
1216 2163 1222 2176 .

350 2227 460 2292 Mollis
484 2225 518 2288 in
541 2225 666 2289 insulta
689 2224 732 2289 sit
754 2223 835 2288 mihi
859 2245 991 2288 somnus
1015 2224 1123 2288 humo.

308 2333 392 2410 Quid
416 2332 516 2418 Tyrio
540 2333 695 2396 reaubare
718 2334 790 2397 toro
809 2332 883 2396 sine
908 2353 1017 2395 umore
1041 2330 1180 2395 seeundo

349 2440 499 2519 Prodest,
523 2462 595 2505 oum
618 2439 697 2502 fletu
720 2459 785 2502 nox
808 2438 974 2522 uigilanda
997 2438 1109 2502 uenit?

306 2546 391 2611 Nam
414 2568 518 2630 neque
541 2549 619 2610 tuno
641 2545 773 2629 plumae
795 2566 855 2609 nee
879 2545 1025 2629 stragula
1047 2545 1135 2629 pieta
1159 2565 1309 2627 soporem

236 2670 269 2718 80
351 2652 419 2717 Neo
444 2654 569 2719 sonitus
592 2651 738 2736 placidae
758 2652 873 2716 ducere
896 2653 1002 2735 possit
1025 2673 1135 2736 aquae.

306 2759 393 2825 Num
416 2760 552 2826 Ueneris
576 2780 714 2844 magnae
738 2759 862 2825 uiolaui
884 2759 1019 2823 numina
1041 2759 1150 2841 uerbo,

351 2865 396 2930 Et
419 2888 491 2932 mea
513 2889 592 2931 num
615 2887 736 2949 poenas
759 2865 860 2948 impia
882 2866 995 2950 lingua
1018 2864 1101 2928 luit?

308 2971 395 3036 Num
417 2972 503 3036 feror
525 2972 670 3035 incestus
694 2971 786 3035 sedes
810 2972 926 3036 adiisse
951 2970 1083 3037 deorum

352 3077 508 3163 Sertaque
532 3077 570 3141 de
594 3077 716 3141 sanetis
741 3076 918 3161 deripuisse
941 3076 1044 3142 focis?

237 3202 271 3250 85
310 3185 386 3250 Non
405 3206 479 3272 ego,
505 3168 533 3249 si
558 3184 674 3268 merui,
698 3184 842 3248 dubitem
865 3186 1076 3269 procumbere
1100 3187 1229 3269 templis

349 3291 394 3355 ut
417 3291 492 3356 dare
517 3290 652 3355 sacratis
675 3291 787 3355 osoula
810 3292 986 3377 liminibus,

305 3397 381 3464 Non
404 3419 464 3484 ego
488 3398 638 3462 tellurem
662 3398 799 3482 genibus
822 3420 990 3482 perrepere
1014 3399 1149 3483 supplex

218 3547 429 3568 ...—-·-*

204 3733 212 3750 ·
288 3663 356 3717 Vm.
375 3659 448 3716 ruer.
486 3668 520 3716 60
538 3663 587 3718 ille
607 3679 636 3721 ςε
655 3662 715 3734 ipse
735 3665 823 3733 07761
845 3663 918 3729 Quin
935 3663 1047 3732 scripsi:
1068 3664 1141 3730 Quid
1155 3669 1187 3731 07
1206 3681 1267 3718 euru
1281 3665 1364 3735 uulpo

219 3750 292 3817 Quid
310 3751 440 3806 credam?
459 3755 691 3823 iuterpuupereut‚
710 3754 762 3808 ulii
781 3753 872 3817 Quid?
891 3752 1021 3806 credam?
1038 3770 1210 3824 proposuere.
1229 3757 1276 3810 sert
1293 3757 1366 3809 euius

218 3841 415 3895 dubitationem
437 3843 538 3898 iuieere
556 3844 639 3897 huius
657 3848 725 3896 eerte
743 3843 796 3897 loci
813 3858 870 3896 uou
888 3847 925 3896 est
938 3843 948 3910 77
963 3848 996 3896 66
1016 3841 1149 3912 Orabam]
1169 3847 1192 3894 V
1210 3844 1241 3896 iu
1259 3860 1310 3914 rap.
1329 3863 1363 3900 m.

217 3934 233 3982 2
252 3931 403 4000 opuremp
417 3937 450 3985 67
465 3930 565 4000 'posset
584 3940 617 3986 fl:
636 3931 727 4002 possit
744 3934 794 3983 AV
807 3932 816 3999 77
832 3937 863 3984 71
884 3932 1028 3984 contectus
1048 3932 1087 4000 ς77
1102 3938 1134 3985 73
1154 3932 1240 3987 boues
1258 3948 1322 3987 mea
1341 3933 1365 3986 si

216 4019 310 4073 tecum
328 4018 411 4073 modo
430 4019 506 4073 delia
525 4024 552 4086 0,
571 4037 639 4074 eorr.
661 4036 684 4078 ς.
704 4024 848 4089 praeterea
866 4019 918 4072 sim
938 4035 962 4077 ς,
981 4035 1037 4090 epo,
1056 4037 1117 4074 euru
1136 4022 1174 4075 oct
1191 4022 1262 4076 illud
1280 4022 1364 4076 modo

216 4106 239 4161 si
261 4109 356 4163 tecum
383 4124 462 4178 uepre
485 4107 537 4162 sim
560 4111 735 4178 suppleatur,
759 4110 852 4162 uelim
876 4125 939 4162 meu
961 4109 999 4162 sit
1021 4126 1130 4164 meeum
1150 4111 1234 4164 modo
1253 4109 1336 4164 Delia
1354 4111 1363 4179 7ἒ

217 4201 251 4250 74
265 4197 325 4251 solo
340 4197 475 4267 Souliper:
495 4198 579 4252 solito
599 4202 617 4249 0
631 4197 641 4266 77
655 4204 688 4252 76
703 4196 733 4250 in
747 4202 780 4249 fl:
800 4199 829 4251 et
846 4201 897 4249 Av
910 4199 920 4267 77
935 4204 968 4252 77
983 4198 1065 4252 thoro
1079 4202 1130 4249 Av
1143 4199 1152 4266 77
1167 4203 1200 4252 79
1214 4200 1282 4252 tune
1300 4203 1363 4252 AV:

215 4302 289 4339 nuno
308 4291 329 4337 fl
348 4289 409 4340 tum
424 4302 440 4344 ς
454 4287 463 4356 77
478 4292 512 4342 80
531 4285 622 4355 possit
640 4301 669 4343 s:
689 4288 782 4354 posset
800 4288 889 4356 0781
911 4287 1006 4357 magni
1024 4292 1047 4339 Δ
1060 4288 1070 4356 77
1089 4292 1122 4340 8⁴2
1141 4304 1209 4340 num
1229 4290 1289 4340 GV:
1308 4289 1363 4351 urie

215 4378 238 4426 Δ
254 4376 258 4443 7
274 4373 340 4446 luit]
356 4379 378 4426 7
397 4376 428 4429 iu
446 4391 498 4445 up.
517 4391 551 4429 ru.
568 4381 583 4428 2
602 4373 668 4428 tulit
681 4377 690 4444 77
704 4380 739 4429 84
758 4373 906 4444 diripuisse
926 4381 953 4444 0,
973 4393 1041 4431 corr.
1061 4377 1101 4445 ς77
1114 4380 1148 4432 85
1168 4379 1193 4434 et
1211 4381 1245 4434 88
1264 4377 1366 4432 betrui

218 4499 300 4568 Pau,
318 4501 415 4555 prediis
432 4501 539 4556 omissis
557 4501 566 4569 77
584 4505 618 4553 87
636 4514 786 4569 prorepere
805 4506 826 4553 u
848 4463 989 4570 petripere
1007 4504 1030 4550 v
