3316 5114
270 335 325 388 XII
415 385 417 390 ,
701 333 982 389 PROLEGOMENA.

273 498 366 583 quasi
389 519 506 582 eorpus
529 497 697 582 redigeret.
736 496 799 562 hoc
820 496 1015 584 florilegium
1037 499 1158 583 pariter
1180 503 1295 585 poetas
1318 523 1415 586 quam

270 625 387 688 prosae
408 603 564 669 orationis
588 604 761 687 scriptores
780 604 997 688 complectens
1022 629 1097 671 mox
1115 606 1227 672 fauore
1245 607 1415 673 hominurn

271 698 439 795 exceptum
463 713 495 775 et
517 710 558 774 ab
580 710 653 774 aliis
677 709 828 794 deinceps
851 711 949 776 medii
973 713 1045 778 aeui
1067 712 1171 778 doctis
1194 715 1228 778 in
1247 715 1415 800 proprium

271 818 453 884 adhibitum
477 820 526 882 est
548 839 652 882 usum.
684 820 717 881 et
736 816 859 882 Tibulli
878 817 1007 902 quidem
1026 821 1177 903 excerpis
1198 842 1238 886 ex
1256 821 1414 907 florilegio

271 926 329 990 illo
348 925 466 1010 gallico
486 923 665 988 hauserunt
679 923 870 989 Vincentius
890 924 1129 990 Bellouacensis
1153 923 1252 1012 (circa
1271 950 1298 992 a.
1316 927 1415 1012 1250)

270 1033 305 1096 in
329 1032 459 1116 speculo
483 1029 667 1114 doctrinali,
697 1051 796 1126 porro
820 1035 933 1097 auctor
956 1051 1136 1115 anonymus
1165 1033 1276 1117 magni
1299 1035 1416 1120 operis,

271 1139 322 1204 cui
344 1139 380 1201 in
404 1138 513 1203 codice
536 1135 756 1202 Ambrosiano
778 1136 805 1201 P
831 1138 895 1203 140
918 1160 987 1222 sup.
1012 1159 1094 1216 saec.
1117 1138 1198 1203 XIII
1223 1140 1414 1225 inscriptum

271 1247 321 1308 est
343 1244 506 1326 Impirrut
528 1244 611 1308 titali
633 1244 669 1308 de
690 1245 924 1311 auctordobbas
935 1245 1188 1328 pbilosophorum
1211 1251 1239 1310 ct
1250 1251 1415 1328 poetarum

270 1351 437 1416 secondom
459 1351 596 1416 ordiuem
620 1351 746 1432 olfobeb‘
774 1349 859 1437 (eius
886 1351 1037 1420 notitiam
1065 1373 1130 1416 una
1157 1373 1229 1417 cum
1256 1354 1414 1438 excerptis

271 1456 466 1522 Tibullianis
491 1443 591 1522 debeo
615 1456 777 1523 Guilelmo
796 1458 927 1542 Meyero
951 1456 1047 1542 meo),
1070 1463 1140 1523 tum
1163 1462 1277 1524 auctor
1298 1460 1415 1525 florum

271 1565 502 1630 auctoritatum
521 1564 693 1630 moralium
706 1566 811 1648 primo
830 1565 902 1631 Ioco
921 1586 959 1630 ex
974 1565 1103 1630 Tibullo
1123 1565 1231 1632 adlato
1249 1566 1301 1648 [of.
1317 1591 1416 1653 supra

269 1694 299 1755 p.
314 1669 375 1751 IV]
382 1721 391 1755 ‚
415 1671 553 1755 denique
572 1667 675 1755 alii.*)
709 1693 728 1735 a
751 1671 867 1756 quibus
891 1670 988 1736 medii
1011 1673 1084 1737 aeui
1107 1673 1319 1758 scriptoribus
1343 1696 1415 1739 curn

272 1777 329 1841 alii
357 1799 470 1842 uersus
485 1776 670 1854 ‚Tibulliani
696 1777 761 1842 nisi
789 1778 844 1861 qui
870 1778 1081 1844 inueniuntur
1108 1779 1144 1843 in
1164 1779 1323 1864 florilegIo
1347 1782 1415 1866 gal·

270 1884 333 1950 lico
361 1906 428 1949 non
456 1883 658 1968 adferantur,
689 1883 751 1949 hoc
780 1885 887 1969 ipsum
913 1886 1044 1951 illorum
1066 1885 1190 1952 fontem
1212 1886 1313 1951 fuisse
1341 1908 1415 1952 con·

271 1991 462 2056 eludendum
485 1993 542 2056 est.
572 1994 606 2055 et
623 1990 832 2057 Vincentium
851 1992 1117 2059 Bellouacensem
1140 2015 1207 2058 non
1229 1993 1337 2059 codice
1359 1994 1415 2058 ali·

272 2119 336 2182 quo
360 2099 502 2184 integro,
526 2098 582 2166 sed
606 2098 764 2182 excerptis
787 2098 861 2163 istis
884 2098 984 2164 fuisse
1006 2123 1099 2164 usum
1123 2101 1188 2165 iam
1212 2103 1263 2164 rat
1281 2103 1417 2183 constat,

271 2208 446 2290 postquam
470 2205 586 2269 rectius
611 2226 707 2288 quam
726 2203 803 2270 Otto
822 2204 956 2270 Richter
977 2205 1013 2269 in
1036 2207 1262 2272 dissertatione
1286 2229 1344 2272 sua
1366 2205 1416 2270 ‘de

271 2311 436 2377 Vincentii
455 2310 696 2377 Bellouacensis
720 2312 879 2395 excerptis
898 2311 1103 2377 Tibullianis'
1128 2312 1260 2377 Bonnae
1285 2336 1312 2378 a.
1330 2311 1416 2378 1865
1472 2331 1475 2338 ·

272 2418 389 2483 emissa
416 2439 455 2482 ea
477 2416 517 2481 de
540 2439 575 2482 re
599 2419 667 2502 egit
689 2417 849 2482 Ernestus
872 2417 1012 2482 Protzen
1041 2418 1075 2481 in
1098 2417 1209 2484 libello
1234 2418 1416 2484 academico

274 2524 324 2590 ‘de
347 2525 506 2610 excerptis
530 2523 735 2589 Tibullianis'
761 2523 1052 2609 [Gryphiswaldiae
1078 2525 1186 2606 1869].
1224 2547 1327 2609 neque
1349 2524 1416 2590 iam

164 2717 168 2726 δ
274 2634 403 2716 oportet
437 2634 473 2696 ut
505 2631 545 2695 ad
578 2630 766 2697 scolasticos
800 2631 893 2695 illos*
908 2629 1107 2715 refugiamus
1143 2628 1190 2716 (id
1223 2630 1308 2714 quod
1339 2630 1418 2696 fecit

272 2736 511 2822 Lachmannus‚
534 2739 590 2824 qui
613 2737 778 2804 Vincentii
800 2737 988 2803 testimonia
1011 2737 1121 2801 sedulo
1146 2735 1284 2820 attulit);
1310 2737 1416 2821 ipsum

274 2844 359 2908 enim
395 2843 590 2929 florilegium
626 2844 777 2929 gallicum
817 2841 941 2929 aliquot
978 2842 1215 2928 exemplaribus
1252 2845 1417 2908 seruatum

273 2951 456 3016 etiamnunc
486 2951 581 3016 nobis
610 2950 762 3035 suppetit.
812 2951 872 3015 tali
903 2949 1010 3034 aliquo
1041 2949 1219 3035 exemplari
1246 2949 1311 3014 iam
1339 2949 1417 3014 olim

260 3080 350 3123 usus
374 3061 444 3122 erat
466 3057 491 3122 I.
509 3057 533 3123 Ι.
554 3057 699 3143 Scaliger
721 3057 756 3148 in
780 3079 839 3121 sua
858 3055 980 3121 Tibulli
998 3056 1153 3140 editione3
1175 3059 1288 3121 nostra
1309 3059 1416 3120 autem

272 3167 379 3229 aetate
406 3164 529 3250 primus
553 3163 723 3229 Eduardus
747 3163 915 3227 Woelfflin
942 3161 977 3226 in
1003 3162 1110 3228 codiee
1134 3162 1283 3238 Parisino
1309 3163 1416 3228 17903

273 3270 519 3358 (Noae-Deme
545 3271 622 3356 188)
652 3291 734 3335 saec.
756 3268 837 3333 XIII
865 3269 1028 3354 integrum
1052 3268 1248 3353 florilegium
1274 3270 1418 3353 repperit

273 3382 306 3442 et
329 3379 366 3444 de
390 3379 436 3443 eis
461 3401 542 3463 quae
566 3379 607 3443 ad
626 3378 789 3442 Tibullum
812 3376 977 3461 pertinent
1000 3375 1179 3460 disputauit
1200 3375 1235 3440 in
1253 3375 1418 3460 Philologi

274 3484 500 3570 Gottingensis
529 3486 593 3552 uol.
616 3485 743 3551 XXVII
770 3508 801 3570 p.
827 3484 1011 3550 152-157.
1059 3483 1197 3546 alterum
1220 3482 1363 3547 codicem
1386 3487 1418 3546 et

274 3595 381 3656 aetate
399 3595 433 3658 et
450 3591 597 3656 bonitate
616 3592 791 3677 potiorem,
814 3589 997 3656 Parisinum
1017 3590 1102 3654 7647
1124 3611 1205 3655 saec.
1219 3587 1418 3673 XII-XIII,

274 3699 425 3763 adhibuit
447 3696 611 3764 Gustauus
632 3696 803 3782 Meyncke,
826 3697 882 3781 qui
905 3697 939 3761 in
962 3697 1189 3760 dissertatione
1212 3696 1302 3760 omni
1324 3695 1418 3762 laude

272 3805 372 3890 digna
394 3805 497 3870 musei
518 3803 668 3869 Rhenani
690 3804 752 3868 uol.
771 3801 864 3867 XXV
882 3824 912 3886 p.
931 3801 1107 3866 eea-392
1126 3802 1248 3867 inserta
1268 3806 1418 3889 excerpta

273 3910 458 3977 Tibulliana
485 3911 533 3976 ita
561 3914 598 3975 ut
619 3911 774 3995 leguntur
801 3909 837 3973 in
859 3909 950 3973 libris
973 3908 1039 3973 illis
1062 3908 1218 3973 Parisinis
1244 3911 1417 3975 accuratis·

274 4018 354 4083 sime
377 4019 464 4103 typis
493 4017 766 4103 repraesentanda
795 4016 929 4082 curauit.
973 4015 1090 4080 uellem
1114 4018 1224 4081 tamen
1252 4016 1316 4079 alia
1341 4038 1417 4100 quo-

344 4281 369 4350 *)
398 4282 531 4337 Eiusdem
549 4281 659 4351 generis
678 4281 762 4350 atquc
782 4298 851 4350 opus
869 4280 942 4334 illud
960 4279 988 4334 in
1007 4278 1192 4334 Ambrosiano
1215 4264 1356 4332 seruatum
1375 4279 1416 4333 ui-

274 4373 355 4427 detur
374 4375 439 4425 esse'
455 4371 535 4426 ‘liber
552 4372 601 4440 qui
618 4371 722 4426 dicitur·
740 4372 838 4439 doprno
851 4367 1085 4439 pbilosophorrem’
1105 4366 1134 4420 in
1153 4364 1249 4420 codice
1265 4367 1418 4424 Mutinensi

276 4459 319 4516 VI.
339 4461 372 4515 A.
392 4466 439 4530 28,
459 4460 536 4514 ouius
553 4459 686 4517 not-itiam
703 4459 802 4516 Itidem
820 4459 949 4531 Meyerus
967 4456 1113 4513 nobiseum
1132 4456 1357 4514 communicarit.
