3316 5114
622 333 908 393 PROLEGOMENA.
1130 326 1132 330 ’
1276 331 1341 388 XXI

193 505 311 570 abhinc
334 504 443 570 omnia
466 503 581 588 spissis
604 499 747 565 tenebris
772 500 848 563 sunt
870 497 1001 581 obruta,
1026 499 1063 561 ut
1084 518 1186 582 neque
1210 496 1339 583 quibus-

190 634 266 676 nam
298 609 502 696 cognationis
534 607 689 693 gradibus
717 603 740 670 Ο
771 627 791 669 a
817 601 841 668 F
874 606 907 668 et
932 604 1018 670 Fris.
1048 606 1206 688 tangatur
1236 622 1340 684 neque
1399 637 1402 646 ·

191 739 269 783 uero
298 738 442 800 eaquae
471 717 559 780 ultra
586 715 646 780 hos
674 713 776 777 libros
805 710 984 776 ascendunt
1006 713 1155 793 tempora
1183 707 1340 793 dispicere
1362 791 1371 808 ·

192 824 364 907 possimus.
405 823 577 887 obscurum
600 824 651 886 est
672 820 789 904 igitur,
812 818 941 903 quando
964 817 1081 883 turbae
1103 815 1178 881 illae
1202 815 1237 881 in
1259 836 1341 880 non-

193 930 292 994 nullis
315 929 413 1014 primi
436 931 513 995 libri
536 928 648 1014 elegiis
673 927 741 992 sint
763 929 869 1008 ortae3
902 925 1076 992 obscurum
1100 926 1132 987 et
1154 923 1249 1007 illud,
1277 944 1340 1006 quo

193 1037 339 1117 tempore
363 1035 515 1101 acciderit
537 1038 574 1100 ut
597 1034 742 1100 carmina
765 1031 1075 1117 pseudotibulliana,
1106 1052 1188 1114 quac
1211 1029 1245 1093 in
1268 1029 1341 1113 ipsa

194 1141 387 1224 antiquitate
416 1145 449 1206 et
476 1164 535 1224 per
561 1140 658 1206 medii
686 1141 759 1205 aeui
786 1143 914 1224 partem
941 1133 1121 1225 priorem*)
1150 1158 1295 1202 seorsum
1322 1159 1342 1200 a

193 1247 308 1313 ceteris
339 1247 506 1331 extabant,
541 1248 665 1314 duobus
694 1246 872 1331 elegiarum
899 1244 992 1309 libris
1016 1245 1165 1330 genuinis
1193 1244 1343 1309 adnecte·

192 1356 311 1420 rentur.
334 1429 335 1432 Ἴ
355 1358 389 1418 et
411 1359 449 1420 ut
470 1357 550 1420 haec
575 1357 623 1421 ita
645 1355 710 1420 alia
732 1353 820 1420 haud
842 1375 959 1437 pauca,
983 1375 1064 1436 quae
1089 1355 1236 1418 accurate
1259 1351 1341 1416 scire

194 1463 333 1526 multum
355 1461 541 1548 interesset,
563 1485 649 1528 nunc
673 1483 768 1526 caeca
790 1463 945 1546 teguntur
968 1458 1117 1544 caligine.

285 1566 346 1633 Sed
369 1568 463 1632 illum
492 1569 659 1654 archetypi
683 1566 706 1633 0
732 1570 867 1656 statum,
883 1569 1071 1649 corruptum
1094 1565 1343 1651 interpolatum·

194 1699 255 1761 que
280 1677 355 1740 dum
380 1677 593 1761 contemplor,
624 1676 711 1740 ultro
735 1675 824 1741 subit
847 1673 1019 1759 suspicari,
1049 1695 1130 1738 aeuo
1153 1673 1220 1738 fere
1245 1670 1341 1738 Oaro-

193 1783 314 1868 lingico
336 1783 587 1869 grammaticum
609 1782 830 1868 nescioquem,
859 1804 933 1847 cum
957 1780 1099 1846 codicem
1122 1779 1342 1846 Tibullianum

194 1890 405 1955 multifariam
442 1889 656 1974 deprauatum
693 1893 780 1954 esset
812 1892 965 1974 nanctus,
1005 1886 1197 1954 emendandi
1232 1910 1343 1953 curam

195 1997 384 2082 suscepisse.
414 1996 469 2082 qui
492 1997 578 2082 quod
602 2018 733 2062 munere
758 2000 908 2081 suscepto
931 1997 1143 2082 neglegenter
1165 1995 1343 2081 leuiterque

194 2104 323 2169 functus
347 2107 411 2187 est,
433 2125 500 2168 non
522 2086 722 2169 mirabimur.
744 2183 746 2187 ,
769 2103 914 2169 omnium
938 2103 1023 2168 enim
1047 2103 1344 2196 grammaticorum,

196 2211 223 2274 si
241 2209 287 2282 M.
299 2210 466 2276 Valerium
484 2209 628 2275 Probum
649 2232 835 2296 paucosque
859 2210 1010 2294 antiquos
1034 2210 1225 2295 excipimus,
1248 2231 1343 2275 curae

196 2318 325 2383 criticae
354 2317 565 2401 scriptoribus
599 2319 639 2382 ab
667 2318 734 2382 illis
764 2317 941 2383 emendatis
968 2316 1042 2401 plus
1069 2318 1218 2383 nocuisse
1246 2340 1343 2406 quam

195 2423 357 2508 profuisse
388 2425 565 2489 censendae
597 2429 680 2490 sunt.
731 2448 769 2489 ex
798 2425 859 2490 tali
888 2423 1074 2489 recensione
1104 2424 1133 2489 si
1160 2422 1183 2489 0
1212 2425 1343 2490 fluxisse

83 2525 87 2534 ’
197 2531 369 2615 sumimus,
405 2531 470 2594 iarn
503 2531 604 2596 claret
636 2553 692 2596 cur
723 2532 784 2616 ibi,
822 2532 879 2597 ubi
911 2555 930 2596 a
957 2530 982 2596 ll
1015 2534 1048 2596 et
1076 2531 1163 2598 Fris.
1196 2531 1344 2597 destituti

200 2659 322 2721 sumus,
355 2659 450 2722 saepe
477 2661 611 2723 prorsus
639 2639 703 2704 alia
730 2639 857 2705 ratione
885 2639 965 2704 artis
988 2638 1119 2703 criticae
1145 2638 1343 2703 factitandae

197 2745 290 2810 nobis
315 2745 359 2809 sit
377 2745 532 2810 utendum
550 2769 648 2832 quam
668 2767 715 2811 ex.
734 2767 782 2832 gr.
800 2746 835 2810 in
855 2743 985 2810 Catullo
1007 2744 1218 2810 emendando.
1247 2746 1343 2812 huius

197 2853 281 2916 enim
305 2851 406 2916 codex
422 2850 620 2917 Veronensis
645 2875 718 2917 cunr
741 2874 781 2916 ex
799 2853 976 2935 exemplari
998 2852 1031 2917 in
1049 2851 1113 2916 fine
1137 2852 1343 2938 antiquitatis

197 2962 229 3022 et
256 2980 316 3042 per
344 2957 485 3021 medium
516 2979 632 3022 aeuum
660 2958 945 3042 grammaticorum
973 2959 1169 3024 industriam
1197 2981 1264 3024 non
1291 2981 1342 3024 ex-

195 3067 289 3147 perto
312 3063 477 3147 profectus
501 3065 557 3149 sit,
588 3065 779 3150 plerumque
807 3065 916 3149 apices
945 3066 1093 3132 rimando
1118 3067 1343 3151 litterulasque

195 3169 370 3254 premendo
395 3171 571 3255 genuinam
595 3171 789 3256 scripturam
811 3172 982 3237 restituere
1005 3173 1091 3238 licet.
1132 3173 1187 3238 sed
1210 3172 1272 3238 hac
1294 3195 1345 3239 ra·

196 3277 285 3344 tione
312 3278 347 3342 in
375 3277 452 3343 crisi
474 3276 660 3342 Tibulliana
681 3277 770 3344 haud
793 3300 866 3343 raro
894 3279 977 3343 nihil
1001 3279 1133 3345 omnino
1155 3280 1343 3363 proficimus

196 3389 369 3471 propterea
393 3385 478 3473 quod
505 3385 540 3449 in
563 3383 586 3450 0
611 3385 800 3470 saepissime
827 3409 887 3471 pro
915 3386 1010 3451 nudis
1034 3387 1222 3452 uulneribus
1247 3385 1343 3451 foeda

198 3497 294 3577 atque
324 3492 481 3560 deformia
508 3493 686 3577 emplastra
711 3495 831 3586 extant.
876 3515 980 3578 neque
1004 3493 1090 3556 enim
1112 3491 1343 3577 grammaticus

196 3601 253 3664 ille
280 3601 316 3665 in
339 3599 632 3688 orthographia**)
661 3600 701 3665 ad
725 3622 802 3666 suae
826 3599 943 3665 aetatis
965 3620 1114 3664 normam
1137 3586 1345 3663 reformanda

198 3760 410 3772 ——q

289 3847 312 3913 ⁸)
345 3849 420 3902 certe
446 3848 476 3902 in
498 3851 594 3905 uetere
617 3849 747 3919 catalogo
772 3846 877 3902 saeculi
899 3845 939 3902 IX
965 3847 1002 3901 ab
1024 3845 1148 3916 Hauptio
1171 3846 1201 3901 in
1222 3846 1344 3902 Hermae

198 3933 387 3990 Berolinensis
404 3936 461 3992 uol.
479 3937 520 3991 III
538 3957 564 4008 p.
585 3943 636 3993 221
657 3938 732 3994 edito
751 3936 871 4008 legitur:
892 3934 971 3992 ‘Albi
989 3935 1095 3990 Tibulli
1112 3935 1161 3990 lib.
1180 3935 1232 3992 ll'.

270 4023 311 4094 **)
343 4023 409 4080 hinc
428 4025 624 4094 explicandum
643 4028 687 4082 est
706 4027 781 4096 quod
800 4024 1020 4096 orthographiae
1038 4025 1168 4080 uetustae
1191 4025 1221 4081 et
1238 4024 1345 4080 Tibulli

197 4115 324 4182 tempore
351 4111 473 4168 usitatae
496 4114 556 4168 tam
582 4131 645 4171 raro
669 4115 916 4186 deprehenduntur
940 4114 1070 4185 uestigia.
1106 4113 1198 4169 ueluti
1219 4114 1343 4183 priscum

198 4201 270 4256 illud
292 4217 328 4256 ao
350 4219 401 4270 pro
420 4219 461 4257 aa
482 4201 537 4258 nisi
558 4203 602 4258 bis
625 4221 682 4259 non
702 4193 805 4259 inueni.
842 4221 909 4259 nam
928 4203 952 4258 si
974 4205 1014 4258 III
1033 4211 1061 4272 6,
1081 4209 1116 4257 44
1134 4203 1210 4258 Fris.
1232 4203 1343 4260 ‘cauere

197 4291 270 4360 tuo',
301 4297 322 4344 F
348 4293 459 4346 ‘cauere
481 4293 557 4346 tuos'
582 4292 681 4362 legunt
712 4295 743 4363 (0
767 4293 813 4348 hic
836 4309 947 4362 quoque
971 4293 1171 4363 interpolatam
1192 4292 1344 4347 lectionem

198 4382 286 4437 habet
306 4381 411 4438 ‘carere
430 4383 518 4453 tuo'),
544 4382 611 4450 quid
630 4382 708 4437 aliud
726 4382 797 4438 latet
815 4399 899 4452 quam
920 4383 1032 4438 ‘cauere
1049 4383 1158 4438 tuom'?
1185 4398 1269 4451 porro
1289 4383 1343 4437 sil

200 4479 223 4541 1,
243 4477 277 4528 27
295 4489 336 4542 sq.
357 4472 420 4527 ‘sub
438 4473 539 4528 umbra
556 4470 672 4528 Arboris
691 4472 727 4528 ad
744 4471 820 4529 riuos
832 4471 1043 4545 praetereuntis
1062 4472 1163 4544 aquae'
1183 4470 1343 4544 requiritur,
