3294 5118
299 344 342 406 42
717 347 861 402 TJBULLI
880 348 947 402 LIB.
967 348 1001 404 ΙΙ.
1021 355 1047 406 3.

435 511 585 595 Raraque
608 533 666 595 per
688 532 789 575 nexus
813 514 864 575 est
885 512 940 576 uia
963 511 1050 576 facta
1075 535 1154 578 sero.

317 633 351 682 20
389 616 415 681 Ο
436 617 584 702 quotiens
609 617 665 682 illo
689 617 827 683 uitulum
851 620 999 703 gestante
1019 641 1077 702 per
1101 641 1196 705 agros

431 723 559 789 Dicitur
582 745 753 789 occurrens
778 725 943 790 erubuisse
968 727 1072 790 soror!

387 831 413 896 Ο
437 832 585 915 quotiens
609 854 714 917 ausae,
738 835 868 898 caneret
891 855 964 898 cum
987 833 1073 896 ualle
1097 833 1157 896 sub
1180 835 1256 918 alta,
1331 905 1335 916 ³

431 939 593 1022 Rumpere
617 939 744 1025 mugitu
768 940 912 1026 carmina
936 940 1031 1004 docta
1054 939 1169 1004 boues!

387 1044 490 1128 Saepe
514 1045 611 1110 duces
634 1046 770 1130 trepidis
793 1047 915 1130 petiere
940 1047 1072 1110 oracula
1095 1046 1201 1132 rebuS,

317 1168 350 1217 25
432 1152 531 1217 Uenit
554 1155 586 1216 et
609 1174 629 1216 a
651 1153 783 1236 templis
807 1153 900 1218 irrita
922 1153 1020 1244 turba
1043 1152 1188 1239 domum3

360 1319 362 1322 .
388 1257 490 1342 Saepe
513 1259 644 1323 horrere
669 1281 778 1326 sacros
802 1260 906 1326 doluit
927 1259 1054 1324 Latona
1077 1261 1222 1346 capilloS,

433 1365 520 1442 Quos
546 1366 705 1432 admirata
727 1369 777 1432 est
800 1368 871 1450 ipsa
894 1389 1035 1433 nouerca
1058 1366 1156 1449 prius.

387 1473 539 1558 Quisquis
562 1473 811 1558 inornatumque
834 1478 932 1558 caput
954 1475 1121 1557 crinesque
1145 1475 1269 1539 solutos

432 1580 610 1665 Aspiccret‚
632 1580 757 1646 Phoebi
781 1584 949 1666 quaereret
970 1581 1026 1645 ille
1050 1603 1185 1646 comam.
1481 1657 1484 1661 .

299 1705 350 1758 ,3ο
387 1688 486 1752 Delos
509 1688 567 1752 ubi
588 1709 682 1771 nunc,
706 1686 843 1771 Phoebe,
865 1690 922 1752 tua
945 1692 1004 1771 est,
1026 1687 1082 1752 ubi
1105 1686 1265 1770 Delphica
1288 1687 1441 1771 Python?

431 1793 556 1878 Nempe
580 1799 672 1858 am'or
693 1795 728 1859 in
750 1817 852 1879 parua
875 1797 907 1858 te
930 1795 1020 1859 iubet
1043 1816 1112 1858 esse
1136 1816 1220 1860 casa.

387 1901 512 1966 Felices
537 1901 623 1984 olim,
647 1900 766 1966 Ueneri
788 1923 860 1965 cum
884 1901 986 1966 fertur
1013 1904 1123 1985 aperte

433 2007 561 2074 Seruire
585 2010 733 2072 aeternos
757 2029 823 2072 non
844 2009 998 2092 puduisse
1022 2008 1107 2073 deos.

385 2115 510 2180 Fabula
533 2135 619 2180 nunc
642 2115 697 2178 ille
722 2117 787 2179 est:
812 2114 868 2180 sed
891 2116 942 2180 cui
965 2138 1024 2182 sua
1047 2137 1122 2180 cara
1144 2115 1253 2200 puella
1277 2120 1335 2200 est,

317 2239 351 2289 35
431 2223 557 2288 Pabula
581 2222 624 2286 sit
647 2222 773 2288 mauult
795 2243 892 2306 quarn
917 2222 984 2292 sine
1009 2245 1118 2288 amore
1143 2222 1229 2286 deus.

386 2331 432 2395 At
453 2334 499 2415 tu,
524 2328 669 2414 quisquis
692 2328 721 2392 is
745 2350 789 2413 es,
813 2328 864 2393 cui
887 2328 974 2394 tristi
998 2329 1105 2395 fronte
1130 2327 1254 2413 Cupido

431 2436 584 2522 Imperat,
607 2436 641 2500 in
664 2439 778 2500 nostra
801 2437 867 2501 sint
884 2438 941 2500 tua
964 2441 1071 2508 castra
1093 2437 1199 2522 dome,

834 2521 851 2559 ²4²

603 2570 620 2608 ss
1065 2573 1083 2612 sk

385 2632 503 2698 Ferrea
525 2654 592 2696 non
614 2631 783 2716 Uenerem,
807 2632 863 2696 sed
886 2632 1038 2714 praedam
1058 2632 1186 2697 saecula
1207 2632 1354 2697 landant:

430 2738 555 2804 Praeda
577 2742 687 2803 tamen
709 2739 819 2803 multis
843 2743 903 2804 est
917 2738 1073 2823 adoperta
1096 2741 1200 2805 malis

315 2863 349 2912 40
386 2847 512 2912 Praeda
534 2845 620 2911 feras
644 2848 729 2912 acies
753 2846 854 2912 cinxit
876 2847 1078 2912 discordibus
1104 2847 1217 2912 armis:

430 2953 517 3019 Hinc
540 2975 643 3037 cruor,
666 2953 741 3018 hinc
765 2955 875 3021 caedes
899 2977 987 3020 mors
1010 2935 1205 3038 propiorque
1228 2953 1326 3016 uenit.

386 3062 512 3127 Praeda
534 3081 620 3145 uago
644 3060 739 3125 iussit
762 3063 925 3146 geminare
948 3061 1091 3146 pericula
1114 3063 1225 3146 ponto,

428 3167 553 3232 Bellica
575 3188 648 3232 cum
672 3166 778 3232 dubiis
801 3171 908 3233 rostra
931 3168 1019 3232 dedit
1042 3169 1175 3234 ratibus.

385 3274 564 3339 Praedator
587 3273 676 3357 cupit
698 3275 863 3340 inmensos
888 3275 1034 3340 obsidere
1058 3297 1199 3374 campos,

315 3397 349 3446 45
430 3380 476 3447 Ut
499 3382 586 3447 culta
609 3381 779 3446 innumera
802 3382 916 3468 iugera
938 3385 1052 3467 pascat
1076 3405 1149 3466 oue3

267 3576 268 3584 ,
372 3524 439 3578 Van.
459 3543 533 3576 uuor.
571 3528 604 3576 19
625 3539 685 3577 sero
704 3523 765 3578 hab.
786 3522 862 3578 Fris.
888 3523 898 3591 ss
921 3529 954 3576 22
979 3539 1042 3576 curn
1064 3527 1087 3574 V
1110 3541 1143 3578 444,
1164 3530 1179 3576 2
1200 3539 1280 3578 corr:
1306 3521 1373 3574 dum
1397 3519 1445 3592 ⁰d

298 3619 332 3668 25
351 3629 366 3667 e
385 3611 498 3681 templis
522 3611 617 3681 uulpo;
636 3616 707 3681 puto
726 3610 812 3666 Venit
834 3613 866 3666 at
883 3627 898 3665 e
917 3611 1013 3681 templ.
1032 3612 1042 3680 ΙΙ
1061 3617 1095 3665 30
1120 3595 1234 3682 phyton
1252 3613 1273 3661 (1
1292 3609 1402 3679 (phiton
1420 3612 1443 3660 V

298 3718 332 3756 m.
347 3703 388 3770 2):
406 3700 487 3770 phito
505 3705 556 3752 AV
573 3701 583 3770 d
601 3707 634 3756 33
656 3700 780 3756 Seruisse
799 3700 849 3769 Vll
868 3699 978 3768 341114,
997 3717 1012 3754 e
1033 3716 1066 3754 err
1084 3716 1153 3756 corr.
1173 3701 1214 3768 (11
1231 3715 1296 3754 cara
1315 3697 1444 3752 (14441444

300 3808 366 3845 cura
385 3791 475 3860 01136
494 3787 518 3844 is
537 3791 690 3859 44141137
709 3789 833 3859 Imperat
850 3787 881 3841 in
899 3802 916 3846 ς
922 3811 927 3842 :
947 3789 1070 3858 Imperat
1088 3791 1153 3844 uto
1171 3785 1319 3858 Imperitat
1337 3789 1420 3857 culpo
1435 3785 1442 3856 d

299 3885 333 3934 37
353 3885 377 3934 et
395 3885 429 3934 38
448 3879 795 3948 444444944401138-45
810 3877 871 3932 tub.
887 3878 955 3933 Par.
970 3879 980 3948 ΙΙ
994 3884 1027 3932 39
1042 3878 1179 3948 adoperta
1192 3881 1214 3929 (t
1229 3877 1311 3931 Par:
1327 3877 1444 3948 operata

299 3971 377 4038 Avu
391 3974 425 4022 40
444 3968 603 4023 crudelibus
622 3972 645 4019 v
663 3985 696 4022 44.
719 3973 732 4021 1
753 3969 831 4035 (corr.
851 3983 884 4022 44.
906 3972 921 4021 2
940 3970 1003 4037 449.)
1018 3968 1028 4036 ΙΙ
1046 3973 1079 4022 41
1099 3967 1176 4022 furor
1190 3982 1244 4035 pro
1268 3982 1350 4021 cruor
1368 3970 1391 4017 v
1408 3983 1442 4020 m.

301 4065 315 4111 1
333 4059 337 4127 1
352 4055 537 4128 propriorque
551 4060 573 4108 (t
592 4057 671 4123 (corr.
687 4059 715 4123 g)
735 4060 758 4107 V
775 4071 905 4124 morsque
923 4055 1080 4126 propinqua
1100 4057 1239 4125 14441143
1259 4054 1328 4109 Cum
1345 4053 1445 4111 tribuit

300 4148 383 4205 dubie
401 4145 505 4201 bellica
522 4147 613 4200 rostra
631 4144 687 4200 rati
707 4144 774 4200 Par.
792 4145 795 4216 Ι
812 4143 931 4200 nauibus
950 4147 1029 4214 (corr.
1045 4163 1079 4201 44.
1095 4151 1110 4199 2
1124 4147 1187 4216 mp.)
1202 4147 1296 4215 41144
1316 4144 1444 4200 obsidere

300 4245 321 4291 G
342 4238 424 4293 Para
451 4233 585 4290 obsistere
604 4238 655 4286 AV
673 4235 683 4303 ΙΙ
701 4237 734 4288 45
758 4232 797 4288 Ut
818 4233 866 4302 (Et
883 4238 934 4286 AV
957 4251 994 4289 444.
1015 4235 1041 4304 1)
1065 4234 1155 4290 multa
1176 4234 1323 4289 innumera
1346 4233 1444 4304 iugera

299 4331 399 4400 pascet
422 4341 475 4381 oue
498 4330 517 4376 0
544 4324 626 4392 Pur.;
650 4324 740 4380 multo
764 4325 818 4394 (uel
840 4323 929 4393 mille)
952 4323 1126 4378 innumeram
1145 4323 1240 4394 ingere
1258 4341 1285 4393 p.
1306 4339 1388 4380 ouem
1413 4338 1443 4390 33

300 4418 399 4488 carpat
412 4431 467 4485 pro
485 4414 584 4484 paseat
601 4413 809 4480 Lachmauuus3
828 4429 874 4482 epo
888 4413 986 4482 multa,
1005 4413 1078 4482 quod
1086 4417 1151 4482 post
1164 4411 1315 4468 immensos
1330 4428 1443 4483 campos

301 4509 373 4563 iusto
392 4503 553 4574 1444444444
572 4507 623 4570 cst,
641 4503 673 4558 iu
692 4503 767 4558 culte
785 4503 894 4558 4444444
