3316 5114
655 334 940 392 PROLEGOMENA.
1318 328 1371 386 XV

226 503 267 566 41
289 501 488 587 ‘fructusue',
512 498 654 566 71‘nec'
680 498 780 584 (quod
801 499 933 562 firmant
955 496 1175 580 Frisingensia
1199 494 1372 581 excerpta),

226 631 362 692 quarum
384 607 588 693 praestantia
611 628 650 670 ex
672 607 764 686 parte
788 602 840 666 uel
863 605 1001 667 nostrae
1019 585 1136 666 aetatis
1160 601 1299 666 editores
1322 601 1371 665 fu·

226 717 288 800 git,
311 716 476 779 neminem
497 733 564 775 non
588 709 701 794 cupide
725 711 928 793 arrepturum
951 708 1052 774 fuisse
1076 730 1115 772 ea
1139 729 1220 792 quae
1243 707 1371 773 traditis

226 821 330 884 multo
361 819 455 881 erant
482 814 695 898 expeditiora,
728 818 764 880 ut
792 813 836 880 25
865 813 1004 898 ‘Quippe
1034 834 1095 899 ego
1125 815 1191 879 iam
1219 812 1373 898 possum'.

227 925 268 991 ad
285 944 460 988 summam:
484 920 590 1006 siquid
608 920 707 1006 longo
726 921 941 1006 diuturnoque
960 943 1021 986 usu
1040 921 1152 986 doctos
1173 920 1293 985 saeculi
1310 918 1372 984 XV

227 1030 331 1094 Italos
356 1030 447 1114 noui,
469 1027 559 1094 nullo
583 1027 679 1117 modo
705 1051 778 1094 eum
801 1035 897 1113 'quem
921 1026 998 1094 ino
1020 1028 1160 1112 legimus
1183 1029 1308 1091 textum
1332 1025 1373 1090 ab

227 1159 292 1202 uno
316 1137 424 1221 aliquo
443 1135 572 1201 illorum
592 1135 746 1201 constitui
764 1136 908 1219 potuisse
928 1133 1097 1200 contendo.
1128 1134 1251 1198 aceedit
1271 1133 1374 1198 altera

174 1326 175 1329 Ἴ
226 1265 287 1309 res.
331 1265 406 1308 nam
435 1263 502 1308 non
530 1242 627 1306 modo
655 1243 690 1307 in
718 1242 764 1306 eis
788 1240 956 1326 particulis
985 1261 1066 1324 quae
1092 1241 1127 1305 in
1150 1240 1227 1306 Par.
1255 1242 1375 1324 extant,
1489 1254 1493 1262 '

227 1350 282 1416 sed
310 1351 408 1414 etiam
434 1349 490 1413 ubi
512 1350 593 1413 haec
619 1370 680 1413 nos
704 1345 904 1413 deficiuntli
932 1347 1021 1412 solus
1049 1348 1168 1412 multas
1191 1348 1373 1433 praeclaras

226 1479 330 1540 neque
362 1456 421 1520 ulli
452 1454 717 1538 interpolationis
752 1454 929 1538 suspicioni
961 1454 1117 1519 obnoxias
1150 1455 1244 1520 nobis
1261 1453 1376 1518 tradit

187 1613 190 1620 Α
228 1563 414 1646 scripturas.
460 1560 536 1645 quid
559 1549 661 1646 ergo?
697 1582 804 1625 nonne
828 1560 938 1644 potius
961 1558 986 1625 (l
1010 1559 1050 1624 ab
1075 1559 1139 1624 alia
1162 1583 1259 1646 quam
1281 1559 1374 1624 fami-

228 1670 306 1734 liam
324 1668 383 1734 AV
402 1668 540 1753 origine,
564 1668 686 1734 scilicet
709 1669 750 1732 ab
775 1667 886 1733 eadem
910 1689 974 1751 qua
995 1668 1189 1753 florilegium
1213 1667 1378 1752 gallicum,

226 1773 408 1858 profectum
431 1795 501 1844 esse
526 1773 727 1840 statuemus?

317 1882 406 1958 Quae
431 1881 567 1946 sirecte
591 1881 759 1967 disputata
782 1887 872 1966 sunt,
894 1883 1025 1947 tandem
1046 1901 1166 1967 magno
1190 1861 1262 1944 cum
1281 1880 1373 1944 crisis
1413 1870 1418 1877 ’

228 1988 431 2054 Tibullienae
455 1988 671 2054 emolumento
697 1993 783 2054 certe
807 1989 885 2054 licet
908 1990 1087 2072 dinoscere,
1118 2008 1201 2074 quae
1223 1987 1375 2072 florilegii

136 2172 139 2180 Ι
227 2095 383 2160 lectiones
406 2092 527 2179 probae
551 2116 632 2178 quae
655 2117 775 2178 prauae
800 2096 873 2160 sint.
917 2117 994 2160 nam
1017 2095 1211 2178 ubicumque
1237 2093 1298 2158 hee
1322 2093 1376 2156 de-

228 2200 409 2266 stituuntur
445 2201 691 2286 Guelferbytani
733 2201 960 2287 consensione,
1000 2199 1268 2285 interpolationes
1310 2199 1375 2263 iam

228 2308 378 2372 manibus
406 2310 563 2374 tenemus.
609 2309 717 2392 itaque
746 2309 774 2373 si
802 2308 894 2372 uerbi
916 2308 1023 2392 gretia
1050 2307 1210 2389 praebent
1233 2304 1250 2368 I
1274 2305 1308 2388 8,
1335 2305 1375 2368 14

229 2413 387 2500 ‘colligat’
406 2414 497 2479 Pan:
522 2414 649 2499 colligit
672 2412 744 2498 0²¹²),
767 2411 784 2475 I
806 2412 837 2496 9,
860 2411 903 2475 23
928 2433 974 2496 sq.
998 2409 1135 2475 ‘celandi
1159 2433 1233 2496 spes
1255 2447 1292 2456 —
1314 2409 1375 2474 nst

231 2556 269 2566 —
295 2518 401 2583 uetut'
427 2519 518 2583 Pam:
560 2517 694 2584 ‘celanti
720 2519 771 2584 fus
797 2555 835 2564 —
862 2516 912 2584 Sit
937 2555 975 2564 -
1001 2517 1106 2582 uetet'
1136 2516 1172 2602 0,
1213 2515 1248 2581 Π
1274 2518 1309 2597 2,
1335 2518 1375 2581 15

228 2622 349 2690 ‘lndis'
372 2623 464 2690 Pon:
503 2623 630 2690 ‘undis'
654 2623 694 2692 0:
735 2625 794 2690 has
822 2625 979 2690 lectiones
1008 2647 1046 2689 ex
1070 2624 1295 2709 qualicumque
1326 2645 1375 2687 ex-

228 2731 386 2815 cerptoris
405 2731 590 2798 coniectura
609 2754 680 2799 esse
699 2736 787 2799 ortes
809 2754 895 2798 nune
914 2734 1053 2808 constat.
1083 2731 1247 2796 rarissime
1267 2732 1377 2794 autem

227 2836 303 2902 Par.
333 2861 406 2903 cum
429 2838 488 2904 AV
507 2843 625 2904 'eontra
648 2838 673 2905 d
698 2840 919 2924 consentiunt,
949 2842 987 2904 ut
1008 2837 1041 2902 ll
1065 2840 1098 2923 1,
1122 2837 1179 2920 893
1211 2836 1267 2901 ubi
1290 2837 1376 2921 quod

213 2939 253 3004 'd
277 2940 412 3025 ‘furuis',
434 2945 510 3009 Pur.
529 2966 602 3008 eum
620 2943 679 3009 AV
698 2944 820 3008 ‘fuluis'
839 2945 1014 3028 praebent:
1039 2966 1136 3028 quum
1159 2943 1248 3009 facili
1267 2965 1375 3009 errore

228 3046 422 3112 uocabulum
446 3049 612 3134 uulgarius
641 3051 676 3114 in
699 3050 824 3116 duobus
847 3051 987 3115 testibus
1017 3050 1112 3116 simul
1135 3050 1280 3134 potuerit
1303 3050 1375 3114 sub-

228 3152 320 3217 stitui
350 3155 553 3240 exquisitioni
582 3156 791 3242 intellegitur.
840 3157 922 3223 illud
953 3159 1065 3221 tamen
1096 3157 1375 3223 animaduersione

228 3263 278 3324 est
300 3259 446 3345 dignum,
469 3262 504 3325 in
525 3264 721 3348 panegyrico
744 3263 918 3330 Messallae
938 3264 1015 3330 Par.
1040 3287 1113 3329 cum
1136 3268 1265 3331 uetusto
1288 3265 1375 3350 frag-

227 3370 338 3432 mento
363 3365 539 3434 Ouiaciano
564 3366 618 3454 (Ρ)
646 3371 726 3436 locis
753 3371 919 3437 nonnullis
948 3373 1061 3437 contra
1085 3368 1110 3434 o
1137 3370 1251 3435 facere.
1298 3393 1374 3435 num

228 3475 265 3536 ut
287 3473 437 3538 omittam
461 3475 503 3540 39
528 3475 707 3542 ‘castrisue'
732 3481 763 3542 et
786 3479 827 3542 87
853 3476 922 3542 ‘Ut’
952 3475 1041 3560 (nam
1063 3498 1142 3540 num
1170 3477 1205 3541 in
1228 3476 1280 3540 his
1305 3498 1374 3540 uer-

228 3579 318 3645 sibus
346 3579 371 3645 Β*
399 3582 484 3645 idem
512 3586 609 3667 atque
635 3583 710 3648 Par.
739 3582 920 3648 exhibuerit
946 3580 1021 3646 inde
1049 3581 1134 3665 quod
1162 3580 1305 3668 Scaliger
1333 3584 1373 3648 ad

228 3685 356 3749 eusdem
391 3687 542 3753 editionis
575 3688 801 3754 Plantinianae
832 3688 989 3754 lectiones
1025 3689 1073 3753 nil
1105 3689 1275 3754 adnotauit
1306 3712 1372 3756 non

229 3792 316 3852 certo
348 3792 424 3856 licet
456 3793 676 3882 contendere),
711 3798 821 3861 tumen
848 3796 891 3861 96
924 3795 1051 3860 ‘ueniat
1079 3794 1205 3881 grauis'
1232 3795 1257 3861 F
1280 3797 1372 3862 Pan:

229 3892 372 3977 ‘grandis
396 3900 497 3964 uenit'
521 3901 559 3986 0,
589 3903 651 3968 102
676 3902 734 3969 ‘ut’
758 3901 782 3968 F
805 3903 897 3968 Pon:
923 3901 980 3966 ‘in'
1005 3902 1040 3986 0,
1070 3903 1133 3968 104
1156 3901 1289 3968 ‘Dexter
1311 3904 1372 3969 uti'

298 4086 324 4157 *)
356 4089 503 4160 Inmerito,
526 4093 597 4146 mihi
618 4097 650 4148 ut
671 4096 795 4166 uidetur,
819 4095 980 4166 nuperrim'n
997 4096 1120 4151 editores
1144 4094 1280 4150 damnant
1299 4095 1370 4150 illud

229 4175 373 4248 ‘colligit’‚
401 4177 541 4248 recipiunt
564 4180 713 4250 ‘colligat’.
750 4186 825 4239 recte
849 4184 922 4239 enim
947 4185 1076 4254 Riglerus
1100 4184 1183 4254 [Hp.
1205 4186 1245 4256 6]:
1276 4185 1371 4255 ‘pedes

226 4266 329 4337 natura
342 4266 483 4337 longiores
503 4266 527 4322 si
546 4267 659 4337 crepida
675 4271 835 4339 angustiore
854 4273 1082 4342 comprimuntur,
1102 4273 1194 4342 collipi
1206 4290 1262 4328 non
1275 4272 1369 4344 inepte

227 4353 366 4410 dicuntur.
404 4357 513 4427 collipat
532 4375 599 4412 num
618 4357 728 4413 omnino
747 4359 793 4412 hie
811 4359 878 4428 poni
895 4360 1033 4430 potuerit,
1052 4361 1136 4414 ualde
1156 4360 1268 4430 dubit0;
1290 4367 1370 4418 sonat

227 4445 302 4500 enim
320 4447 449 4517 colliparc
462 4449 546 4516 pedes
563 4447 646 4519 longe
664 4446 763 4502 uliud!
1003 4428 1009 4440 ⁸
