3294 5118
682 360 855 419 SULPIGIA.

230 542 245 590 5
281 526 346 591 Illa
370 526 498 612 quidem
522 526 659 591 ornandi
682 549 797 592 causas
820 526 892 610 cibi,
915 526 998 610 diua,
1022 525 1158 611 relegat:

324 633 524 718 esttamen,
547 634 671 699 occulte
695 635 746 726 cui
769 633 934 722 placuisse·
953 632 1041 697 uclie

280 741 327 805 At
348 744 393 824 tu,
418 743 539 825 sancta,
561 741 643 826 saue,
666 764 730 806 neu
754 741 827 825 quis
849 739 987 804 diuellat
1010 744 1165 824 amanter,

325 845 386 910 Sed
409 847 518 911 iuueni
542 869 661 930 quaeso
685 849 798 910 mutue
820 845 930 911 uincla
953 867 1040 928 pare.

282 949 336 1016 Sic
359 952 442 1016 berre
466 975 654 1036 compones:
677 955 763 1018 ullae
787 976 853 1018 nou
875 953 930 1018 ille
953 953 1080 1036 puellae

211 1074 244 1123 10
327 1058 454 1124 Seruire
478 1063 534 1124 eut
557 1060 705 1145 cuiquam
729 1060 859 1145 dignior
880 1061 938 1124 illa
961 1060 1041 1124 uiro.

280 1164 349 1230 Nec
371 1169 476 1250 possit
498 1168 630 1252 cupidos
657 1167 795 1252 uigilans
819 1168 1014 1252 deprendere
1039 1170 1160 1249 custos,

323 1271 534 1360 Fallendique
557 1275 628 1340 uies
653 1275 742 1339 mille
765 1275 929 1339 ministret
952 1273 1064 1340 Amor.

278 1377 394 1444 Annue
417 1404 642 1466 purpureaque
666 1381 740 1445 ueni
758 1381 922 1464 perlucida
945 1380 1047 1464 pella:

322 1486 385 1550 Ter
407 1488 469 1552 tibi
492 1489 628 1573 relico,
651 1492 710 1573 ter,
734 1487 794 1552 dea
817 1491 915 1570 caste,
939 1509 1037 1551 merc.

209 1606 242 1655 15
278 1573 441 1677 Praecipit
464 1617 504 1659 en
527 1599 623 1660 natae
647 1598 751 1660 meter
774 1594 920 1660 studiosa
943 1593 1028 1678 quod
1051 1595 1157 1676 optet:

321 1699 383 1764 Ille
406 1701 494 1765 aliud
516 1702 631 1786 tacita,
655 1703 720 1766 iam
743 1706 809 1786 tua,
833 1705 940 1766 mente
963 1705 1067 1786 rogat.

278 1803 400 1890 Uritur,
422 1810 458 1871 ut
482 1809 599 1872 celeres
624 1811 722 1872 urunt
741 1808 858 1892 ulteria
880 1806 1039 1889 flammae,

322 1913 400 1999 Nec,
424 1915 520 1979 liceat
543 1914 701 2000 quamue,
726 1935 806 1978 sane
829 1913 927 1977 fuisse
950 1912 1038 1977 uelit.

277 2019 372 2103 Diua,
394 2021 470 2084 ueni
493 2026 597 2106 grata,
620 2027 663 2106 ut,
686 2023 795 2086 uertet
818 2043 889 2085 cum
913 2020 1080 2104 proximus
1105 2042 1218 2106 annus,

206 2140 240 2188 20
321 2125 384 2190 Hic
407 2127 492 2190 idem
514 2127 600 2192 uotis
624 2128 690 2192 iam
713 2131 804 2193 retus
829 2125 914 2191 adsit
938 2148 1037 2191 amur.

260 2318 326 2372 Vre.
346 2339 420 2375 cecc.
458 2320 611 2375 cernendi
630 2328 651 2375 0
671 2321 780 2374 Planta
806 2319 905 2374 orandi
922 2324 973 2372 Av
995 2322 1005 2391 ΙΙ
1030 2327 1044 2375 7
1068 2311 1123 2374 neu
1147 2321 1209 2391 quis
1234 2329 1271 2378 F:
1300 2340 1335 2378 ne

186 2423 236 2460 uos
257 2411 276 2458 0
295 2408 357 2475 (nec
375 2425 431 2462 nox
449 2414 474 2462 et
491 2425 546 2462 neu
565 2409 627 2481 quis
646 2411 675 2475 g)
698 2427 733 2463 ne
753 2409 815 2478 quis
834 2410 957 2479 Scaliyer
979 2411 989 2480 ΙΙ
1014 2417 1029 2464 9
1050 2411 1124 2464 ullae
1144 2415 1201 2464 01‘:
1220 2411 1273 2466 ulli
1291 2427 1308 2470 ς
1326 2411 1336 2485 ΙΙ

189 2500 223 2548 10
242 2494 372 2564 cuiquam
387 2501 409 2548 0
425 2498 534 2554 Plane:
554 2496 665 2553 cuidem
679 2503 730 2550 ΔΥ
742 2500 753 2568 ΙΙ
769 2504 800 2553 13
820 2515 874 2568 que
893 2514 943 2553 om.
963 2502 982 2551 0
1002 2500 1044 2566 (r‘rr
1058 2506 1079 2553 (1
1097 2516 1185 2570 cupra
1204 2502 1252 2555 lin.
1269 2503 1332 2557 add.

187 2584 323 2638 incertum
341 2601 379 2638 arr
397 2603 430 2641 m.
452 2589 487 2656 1),
506 2587 585 2641 habet
604 2587 700 2643 Plant.
716 2590 720 2656 Ι
737 2588 893 2657 perlucida,
918 2605 1056 2658 suprascr.
1075 2607 1109 2644 m.
1129 2596 1145 2644 2
1165 2607 1188 2658 c,
1208 2595 1244 2658 νς
1263 2592 1295 2644 ire
1314 2596 1335 2643 0

186 2689 255 2728 aec
273 2689 341 2728 corr.
357 2674 367 2743 ΙΙ
382 2681 415 2729 14
433 2675 467 2728 fit
483 2694 514 2742 g:
534 2676 607 2731 sico
624 2677 661 2732 eit
676 2678 771 2732 Plcrt.
785 2679 795 2746 11
810 2683 842 2732 15
862 2695 898 2733 cn
916 2678 1063 2734 Heinsius:
1083 2679 1145 2734 eto
1162 2681 1256 2735 Plaut.
1272 2682 1334 2748 etz

187 2761 345 2832 Praecipiet
363 2765 593 2820 Drerrclrhahru'cc
614 2769 619 2834 Ι
641 2766 708 2835 quid
728 2783 744 2825 ς
765 2770 769 2836 Ι
794 2769 875 2836 optet
897 2769 964 2836 (scil⁴
989 2769 1051 2837 ipsa
1069 2769 1165 2837 mater)
1185 2773 1203 2820 0
1224 2769 1333 2826 Planus

186 2852 266 2920 optet
283 2852 372 2922 31116
391 2855 441 2908 tua
458 2856 559 2923 scripsi
575 2856 607 2909 irc
625 2855 756 2912 Fleckeie.
778 2873 843 2910 anre.
864 2875 889 2911 a.
911 2863 979 2912 1872
994 2873 1024 2926 p.
1045 2863 1109 2911 626:
1129 2874 1181 2911 sue
1197 2859 1333 2926 0170000

185 2955 236 2993 rue
254 2942 286 2994 ire
299 2940 358 2995 eibi
376 2959 445 2997 corr.
464 2960 498 2998 m.
518 2945 545 3011 2)
566 2943 639 2997 clam
658 2942 713 2997 sibi
727 2943 861 2998 Heinsius
874 2946 885 3015 Ι
901 2951 931 2999 17
947 2944 1029 2999 fleme
1044 2949 1095 2998 Av
1108 2946 1118 3014 ΙΙ
1133 2952 1165 3000 19
1181 2945 1254 3000 Diua
1267 2948 1333 3002 ueni

184 3030 297 3098 scrr'rrei:
322 3029 352 3084 Si
373 3030 470 3086 iuueni
493 3037 512 3084 0
537 3031 580 3088 su
603 3031 698 3087 iuueni
720 3038 741 3084 1²
766 3033 809 3086 Sic
827 3052 846 3099 g
864 3033 921 3102 Sis,
940 3034 1018 3102 Iuno,
1038 3037 1120 3103 grata
1139 3033 1284 3104 Gruppr'us
1303 3036 1333 3090 Si

184 3116 279 3173 iuueni
297 3121 395 3189 gratae
414 3120 612 3176 Lachrrrcrrncc
631 3121 661 3176 si
679 3121 775 3176 iuueni
793 3123 905 3192 gratum
923 3123 1054 3193 Riylcruc
1070 3126 1074 3192 Ι
1096 3126 1129 3177 ut
1146 3124 1256 3178 addidi:
1281 3142 1332 3179 om.

185 3211 203 3258 0
223 3208 252 3262 et
274 3208 319 3261 uel
342 3225 375 3262 ec
399 3208 544 3278 Gruppirrs
564 3213 568 3280 Ι
589 3212 682 3266 uertet
708 3212 820 3280 ccrr'pei:
849 3212 945 3267 ueniet
970 3217 989 3264 0
1016 3212 1147 3267 aduenict
1170 3214 1333 3286 31700011

136 3286 140 3294 ’
184 3300 218 3348 20
241 3298 318 3350 retus
343 3299 456 3366 scripsi:
484 3300 564 3354 uetus
588 3303 607 3350 0
634 3300 729 3356 Plcrrt.
756 3304 759 3369 Ι
785 3301 859 3356 adsit
882 3317 899 3361 ς
924 3303 1032 3358 Praete
1057 3303 1130 3355 esset
1153 3305 1171 3352 0
1195 3303 1237 3369 (irc
1260 3306 1281 3353 (1
1305 3321 1331 3356 se

184 3397 217 3434 ex
235 3387 315 3455 corr.)
334 3387 366 3440 ub
388 3387 425 3440 sit
447 3397 479 3454 ἐς
497 3388 561 3454 sort.
582 3388 664 3442 extet.
