3316 5114
732 335 879 390 TIBULLI
897 336 964 390 LIB.
986 337 1004 390 l.
1025 341 1049 390 ὃ.
1072 341 1096 388 6.

467 518 578 601 Ianua,
602 516 658 582 sed
681 518 778 601 plena
801 520 852 582 est
874 513 1086 599 percutienda
1108 533 1216 576 manu.

426 623 472 689 At
494 629 539 708 tu,
562 624 616 708 qui
640 624 747 708 potior
769 645 855 689 nunc
878 645 921 706 es,
945 644 1018 686 mea
1040 621 1109 684 fata
1132 620 1259 684 timeto:

354 749 387 797 ‘10
468 732 627 797 Uersatur
649 731 744 796 celeri
768 729 849 796 Fors
873 729 954 793 leuis
978 729 1056 792 orbe
1079 729 1179 791 rotae.

423 837 500 902 Non
522 839 644 903 frustra
668 837 799 920 quidam
822 837 887 900 iam
910 856 995 900 nunc
1018 835 1052 897 in
1075 834 1186 898 limine
1210 834 1336 917 perstat

470 944 606 1009 Sedulus
630 966 668 1008 ao
691 944 803 1008 erebro
827 943 985 1027 prospicit
1006 963 1044 1006 ae
1067 940 1197 1026 refugit,

428 1051 473 1115 Et
496 1051 627 1115 simulat
650 1051 788 1114 transire
812 1049 952 1131 domum,
975 1071 1050 1112 mox
1074 1047 1187 1110 deinde
1211 1047 1348 1110 recurrit

472 1155 566 1222 Solus
591 1160 623 1221 et
647 1161 721 1221 ante
744 1157 833 1239 ipsas
858 1157 985 1220 excreat
1004 1175 1104 1238 usque
1127 1152 1222 1217 fores.

356 1277 389 1328 75
425 1262 543 1328 Nescio
569 1262 644 1346 quid
667 1262 806 1326 furtiuus
831 1283 922 1326 amor
945 1262 1048 1344 parat.
1084 1263 1174 1324 utere
1194 1279 1323 1343 quaeso,

471 1369 557 1433 Dum
580 1369 671 1432 licet:
696 1368 730 1431 in
752 1368 876 1452 liquida
898 1371 957 1432 nat
978 1367 1040 1430 tibi
1062 1367 1158 1430 linter
1181 1388 1272 1449 aqua.

880 1725 941 1798 VI.

430 1864 572 1950 Semper,
595 1870 632 1930 ut
654 1866 796 1948 inducar,
819 1864 957 1929 blandos
982 1863 1078 1929 offers
1101 1863 1181 1928 mihi
1203 1865 1322 1942 uultus,

475 1971 556 2037 Post
578 1977 689 2037 tamen
713 1995 746 2038 es
771 1972 889 2036 misero
913 1970 1017 2034 tristis
1041 1973 1074 2034 et
1097 1993 1200 2054 asper,
1224 1970 1336 2035 Amor.

432 2078 515 2154 Quid
538 2079 599 2143 tibi
619 2079 774 2143 saeuitiae
798 2099 923 2142 mecum
947 2076 1019 2141 est?
1043 2099 1086 2140 an
1109 2077 1214 2161 gloria
1236 2098 1356 2162 magna
1379 2078 1430 2140 est

475 2183 615 2250 Insidias
638 2184 762 2249 homini
785 2184 1004 2267 composuisse
1028 2182 1145 2248 deum?

362 2307 377 2354 5
414 2291 486 2356 lam
503 2291 584 2355 mihi
607 2289 783 2354 tenduntur
806 2311 921 2373 casses,
945 2289 1010 2353 iam
1033 2288 1129 2353 Delia
1152 2289 1264 2353 furtim

475 2397 595 2462 Nescio
620 2419 715 2480 quem
737 2396 839 2460 tacita
860 2395 979 2460 callida
1001 2399 1096 2460 nocte
1120 2397 1219 2461 fouet.

434 2505 495 2569 Illa
514 2504 642 2588 quidem
666 2504 773 2568 iurata
795 2507 903 2588 negat,
928 2502 983 2567 sed
1007 2504 1135 2568 credere
1159 2504 1274 2568 durum
1298 2507 1364 2570 est:

343 2667 501 2673 ——-..
505 2665 554 2673 ..m

415 2753 525 2806 Troum.
562 2751 602 2804 VI
626 2757 641 2804 7
661 2767 721 2819 sqq.
759 2749 905 2804 Ouidius
923 2747 996 2803 trist,
1015 2750 1042 2803 11
1060 2756 1111 2804 447
1132 2768 1205 2819 sqq.;
1231 2749 1361 2804 ‘Credere
1386 2749 1490 2804 iuranti

344 2841 444 2894 diarum
467 2842 550 2910 putat
572 2856 631 2895 osse
651 2838 793 2907 Tibullus,
822 2838 867 2894 Sis
895 2838 981 2893 etiem
1010 2840 1044 2893 de
1072 2855 1101 2893 se
1130 2840 1205 2908 quod
1232 2842 1317 2909 neget
1343 2839 1394 2892 illa
1421 2837 1488 2892 uiro.

345 2930 454 2984 Fallere
479 2929 607 2984 custodes
630 2929 706 2982 idem
729 2927 856 2983 docuisse
879 2926 996 2996 fatetur,
1025 2928 1116 2996 Seque
1135 2945 1185 2982 sua
1204 2927 1335 2982 misemm
1358 2945 1432 2982 nuno
1451 2927 1492 2981 ait

344 3020 404 3073 arte
423 3015 521 3086 premi.
550 3017 652 3085 Saepe,
679 3017 759 3071 uelut
783 3033 924 3086 gemmam
948 3011 1246 3086 dominae‘signumue
1265 3018 1410 3087 probaret,
1438 3016 1492 3070 Per

346 3123 458 3161 oausam
476 3105 605 3159 meminit
630 3121 659 3158 se
682 3104 809 3174 tetigisse
828 3122 953 3161 manum.
982 3106 1074 3173 thue
1097 3105 1195 3175 refert,
1223 3105 1318 3176 digitis
1342 3122 1425 3175 saepe
1449 3109 1492 3159 est

346 3197 470 3264 nutuque
493 3195 612 3261 locutus,
640 3193 678 3249 Et
695 3194 812 3248 tacitam
831 3209 943 3249 mensae
963 3194 1042 3250 duxit
1065 3195 1094 3247 in
1113 3196 1179 3249 orbs
1198 3198 1309 3263 notam3
1332 3195 1369 3248 m
1391 3193 1491 3263 quibus

346 3300 361 3338 e
390 3282 462 3337 sucis
491 3283 575 3337 abeat
602 3283 636 3337 de
660 3299 775 3352 corpore
798 3283 883 3352 liuor,
911 3284 1049 3353 lmpresso
1071 3284 1132 3338 fieri
1151 3285 1200 3352 qui
1224 3286 1295 3340 solet
1317 3301 1372 3354 ore,
1401 3284 1490 3338 docet.

346 3370 472 3439 Denique
499 3371 534 3425 ab
556 3370 670 3426 incauto
692 3371 809 3426 nimium
832 3372 905 3442 petit
927 3373 976 3427 ille
1000 3372 1116 3441 marito,
1145 3373 1180 3428 Se
1199 3390 1310 3442 quoque
1329 3373 1372 3428 uti
1390 3374 1490 3439 seruet,
1533 3375 1544 3398 ’

346 3462 445 3530 peccet
468 3463 500 3514 ut
521 3459 572 3515 illa
594 3460 694 3515 minus.
738 3459 797 3515 Scit
819 3461 864 3514 oui
887 3462 1019 3530 latretur,
1043 3478 1106 3515 cum
1134 3461 1209 3515 solus
1235 3461 1398 3516 obambulet
1419 3461 1493 3529 ipse;

348 3548 403 3602 Cur
420 3549 523 3603 totiens
542 3551 651 3605 clausas
676 3551 787 3605 excreat
809 3552 875 3604 aute
898 3551 971 3607 fores
991 3550 1036 3619 [of.
1057 3551 1090 3619 V,
1106 3552 1160 3618 74].
1192 3549 1338 3618 Multaque
1358 3549 1407 3603 dat
1425 3548 1494 3601 furti

347 3637 413 3691 talis
432 3640 585 3707 praecepta
603 3639 749 3709 docetque,
769 3640 830 3706 Qua
848 3643 954 3708 nuptae
974 3638 1082 3708 possint
1101 3638 1198 3694 fallere
1217 3640 1253 3694 ab
1272 3643 1332 3693 arte
1350 3638 1433 3694 uiros.

420 3849 487 3905 Vsu.
507 3871 580 3907 naor.
618 3858 651 3907 69
675 3852 735 3906 fata
761 3853 902 3906 Muretus:
926 3851 1040 3906 lurtao
1063 3854 1073 3922 ll
1097 3859 1129 3907 70
1153 3854 1251 3906 babeat
1274 3852 1351 3906 Fris.
1375 3857 1399 3906 et
1425 3851 1493 3906 Par.

350 3940 424 4008 [baec
442 3941 495 3994 ita:
514 3959 540 3997 u.
560 3957 583 3997 o.
601 3941 659 3996 fors
679 3943 748 4009 (sors
766 3943 793 4008 n)
812 3940 884 3994 leuis
903 3941 969 3995 orbe
988 3943 1046 4009 (ore
1064 3945 1091 4011 p)
1111 3941 1166 3996 sito
1186 3942 1259 4010 (cibo
1278 3941 1317 4011 p)]
1337 3943 1347 4011 l
1366 3947 1397 3994 71
1418 3941 1494 4010 Non]

349 4028 422 4082 Nam
441 4033 462 4080 (t
480 4030 490 4098 ll
508 4035 541 4083 '12
560 4047 594 4084 ao
612 4035 644 4085 0:
664 4033 749 4087 auts
771 4031 781 4100 ΙΙ
805 4036 839 4084 74
857 4047 943 4098 usque
963 4035 996 4084 G:
1016 4029 1075 4099 ipse
1094 4033 1215 4100 Δ71176
1233 4033 1284 4085 nat
1302 4036 1336 4084 G:
1359 4046 1425 4100 nam
1443 4033 1495 4081 AV

350 4118 406 4186 (sed
428 4118 460 4170 ia
482 4119 531 4171 boe
552 4136 604 4187 mp.
623 4136 657 4172 m.
677 4125 693 4171 2
713 4119 772 4186 nat)

421 4206 468 4259 VI.
505 4206 604 4276 Elegia
622 4209 701 4261 sexta
723 4213 745 4259 G
768 4225 802 4263 m.
821 4225 873 4262 ree.
897 4209 930 4262 in
947 4215 963 4263 2
982 4209 1031 4262 lia.
1055 4209 1209 4264 interstitio.
1249 4206 1436 4276 Conqueritur
1459 4207 1496 4260 ad

350 4297 482 4350 Amorem
502 4295 576 4364 quod
595 4295 670 4350 delia
689 4297 765 4350 amet
784 4298 813 4350 et
831 4297 924 4351 uirum
943 4297 1076 4353 admonet
1093 4297 1169 4366 quod
1192 4297 1246 4352 sibi
1269 4313 1325 4351 non
1348 4296 1446 4350 eredat
1467 4298 1497 4349 et

351 4384 449 4439 laudat
467 4383 558 4438 deliae
577 4386 703 4439 matrem.
727 4385 787 4440 Res.
807 4390 858 4437 AV
880 4388 889 4455 ΙΙ
913 4393 928 4440 3
953 4385 1088 4441 saeuitiae
1116 4391 1287 4454 corruptam
1316 4402 1398 4440 saeue
1426 4401 1496 4454 puer

352 4473 424 4527 Itali
437 4474 476 4543 l5
495 4473 554 4526 lam
574 4477 608 4526 (tx
627 4475 700 4528 Nam
719 4478 770 4525 AV
783 4474 821 4542 ΙΙ7
841 4474 934 4528 iurata
951 4474 1091 4546 Heyae'os:
1111 4476 1169 4528 tam
1189 4475 1279 4529 multa
1299 4480 1321 4542 0Ι
