3316 5114
338 312 431 368 XVIII
769 313 1050 374 PROLEGOMENA.

337 498 414 539 nam
437 474 536 541 fucrit
557 476 640 554 liber
662 477 716 542 ille
740 479 901 562 uetustus,
932 502 1027 564 quem
1050 478 1199 545 Veronae
1228 505 1247 547 a
1269 484 1481 572 PastrengIco

338 584 371 644 et
398 584 529 648 auctore
556 582 671 648 florum
704 606 784 652 mor.
812 585 1043 650 auctoritatum
1073 587 1254 671 inspectum
1283 613 1352 656 esso
1383 617 1482 678 supra

338 689 382 772 [p.
397 685 444 751 VI
459 692 519 773 sq]
544 691 739 758 reddidimus
762 694 939 776 probabile.
973 695 1108 777 praebet
1130 700 1238 761 autem
1260 699 1313 764 hic
1337 700 1402 786 14,
1421 702 1481 767 21:

540 831 609 898 Nec
632 833 738 898 iurare
761 836 840 898 time
863 834 999 902 Veneris
1022 838 1165 921 periuria
1187 840 1277 904 uenti

489 1009 492 1015 ,
586 938 683 1005 Irrita
705 963 763 1025 per
785 945 890 1007 terras
915 947 948 1007 et
969 945 1070 1030 longa
1092 945 1177 1010 freta
1199 947 1316 1011 ferunt.

337 1081 372 1146 in
394 1081 517 1145 minore
540 1103 636 1146 uersu
658 1083 688 1146 A
712 1081 756 1146 ‘et
777 1082 862 1147 freta
885 1085 1031 1169 summa',
1064 1085 1093 1150 V
1117 1087 1161 1151 ‘et
1188 1084 1336 1154 ''summa
1357 1086 1482 1176 ''freta',

336 1186 492 1253 dautem
515 1187 560 1252 ‘et
583 1190 655 1253 loca
679 1187 816 1253 summa'
845 1191 977 1254 tradunt
1001 1191 1219 1276 discrepantia
1247 1196 1299 1257 sat
1325 1217 1480 1261 memora-

335 1295 402 1360 bili.
451 1297 559 1361 nullus
589 1298 697 1360 autem
726 1295 839 1361 dubito
867 1297 945 1382 quin
972 1301 1069 1381 poeta
1100 1299 1133 1364 id
1161 1300 1246 1384 quod
1273 1299 1332 1365 AV
1359 1302 1482 1367 habent

336 1403 515 1488 scripserit,
547 1406 660 1488 utpote
689 1404 775 1489 quod
804 1405 909 1490 magis
938 1404 1090 1489 graphice
1119 1427 1155 1470 ac
1182 1407 1310 1490 poetice
1339 1407 1389 1494 (ut
1415 1411 1480 1474 iam

334 1507 492 1574 Dissenus
524 1509 741 1596 Riglerusque
774 1511 983 1598 monuerunt)
1017 1511 1138 1577 dictum
1171 1512 1228 1596 sit,
1262 1537 1335 1580 cum
1368 1520 1481 1581 contra

334 1615 413 1680 illud
442 1615 563 1700 ‘longa'
592 1616 748 1680 humilem
776 1617 967 1700 glossatoris
998 1617 1199 1682 intellectum
1228 1618 1378 1708 sapiat.*)
1426 1623 1481 1687 sed

335 1722 496 1806 quomodo
525 1720 697 1785 diuersitas
725 1720 783 1784 illa
810 1721 960 1786 lectionis
994 1724 1065 1785 orta
1094 1722 1168 1786 est‘?
1214 1727 1370 1809 scripturn
1402 1732 1480 1811 erat,

334 1829 371 1890 ut
392 1829 486 1911 puto,
508 1827 542 1890 in
565 1828 673 1890 uetere
698 1826 838 1910 quodam
861 1827 944 1893 libro
970 1827 1009 1892 ad
1033 1830 1260 1914 corrigendum
1284 1832 1408 1896 scribae
1432 1854 1480 1895 er-

334 2008 440 2051 rorem
473 1986 521 2052 ‘et
551 1929 813 2053 loedeldumma'.
869 1992 902 2053 et·
933 1988 961 2052 is
995 1988 1123 2074 quidem
1162 1990 1216 2074 qui
1249 1990 1316 2054 siue
1348 1989 1373 2056 d
1411 1992 1479 2057 siue
1515 2036 1518 2042 -

332 2095 428 2160 huius
458 2095 623 2178 exemplar
650 2099 814 2161 uetustum
843 2097 989 2160 exarauit
1018 2098 1163 2182 neglexit
1189 2099 1340 2164 uoculam
1369 2121 1479 2183 supra-

334 2201 503 2285 scriptam3
526 2203 560 2265 et
582 2201 617 2266 in
636 2201 738 2267 altero
758 2202 960 2286 apographo,
984 2206 1168 2268 correctura
1185 2225 1286 2288 praue
1304 2204 1479 2289 intellecta,
1529 2225 1531 2229 ’

334 2305 416 2372 ‘loca
443 2305 538 2372 frcta'
567 2306 763 2394 descriptum
792 2315 850 2374 est.
893 2331 935 2382 ,ex
961 2311 1024 2376 hoc
1053 2313 1162 2375 autem
1190 2309 1273 2376 ‘loca
1300 2310 1396 2376 freta'
1426 2312 1479 2376 dc·

332 2414 406 2479 inde
433 2413 554 2479 factum
584 2435 653 2479 esse
682 2414 792 2499 ‘longa
813 2414 909 2482 freta'
938 2439 1040 2501 paene
1070 2418 1305 2483 consectarium
1331 2420 1396 2500 est3
1433 2417 1478 2482 sic

333 2521 419 2584 enim
441 2520 532 2585 nasci
556 2521 661 2586 solent
680 2524 891 2605 corruptelae.
925 2524 1044 2588 artiore
1062 2525 1163 2610 igitur
1186 2525 1390 2610 cognationis
1408 2525 1478 2589 uin-

334 2627 405 2692 culo
430 2627 581 2692 cohaeret
602 2625 722 2692 librili
745 2629 874 2713 genitor
898 2651 970 2693 cnm
993 2632 1181 2696 membrana
1205 2655 1302 2716 quam
1326 2631 1478 2714 supponi-

333 2757 404 2799 mus
426 2733 625 2814 Veronensi3
657 2736 722 2800 nisi
745 2735 828 2800 forte
851 2737 948 2821 plane
971 2736 1056 2802 idem
1080 2760 1153 2803 cum
1175 2739 1236 2804 hac
1259 2737 1331 2802 fuit.
1375 2759 1478 2822 neque

333 2842 419 2907 onim
447 2842 622 2928 quidquam
650 2843 823 2926 quominus
851 2844 937 2909 hanc
963 2867 1135 2930 sequamur
1163 2845 1357 2911 sententiam
1380 2844 1479 2928 impe-

333 2949 394 3034 dit,
425 2949 521 3015 modo
544 2949 624 3014 illud
649 2948 761 3034 ‘longa
783 2950 878 3014 freta'
902 2953 943 3016 ab
967 2952 1039 3036 ipso
1062 2953 1180 3018 florum
1204 2955 1333 3018 auctore
1356 2958 1416 3035 p'ro
1440 2973 1478 3017 eo

332 3057 417 3141 quod
440 3057 596 3120 traditum
619 3057 748 3140 putauit
771 3055 853 3122 ‘loca
872 3056 967 3122 freta'
990 3060 1171 3141 repositum
1195 3080 1265 3124 esse
1288 3060 1477 3122 statuamus.

420 3161 592 3227 Librorum
611 3160 670 3228 AV
689 3161 764 3227 etc
787 3167 952 3248 parentes,
975 3186 1171 3250 quamquam
1194 3167 1301 3230 aetate
1325 3165 1477 3250 dispares,

332 3275 442 3336 tamen
465 3270 583 3336 fratres
608 3273 694 3335 sunt.
739 3269 802 3335 hoc
830 3293 903 3335 cum
929 3271 1051 3336 multae
1073 3272 1247 3337 uerborum
1274 3273 1477 3357 corruptelae

331 3381 402 3442 tum
425 3379 559 3444 lacunae
582 3378 728 3461 utrisque
752 3399 938 3442 communes
961 3377 1114 3443 indicant.
1151 3379 1260 3462 itaque
1282 3378 1345 3444 hoc
1370 3379 1478 3443 euadit

332 3488 486 3551 stemma:
892 3537 915 3604 Ο

636 3634 1168 3670 μ--ἡ--κ

624 3703 646 3744 X

506 3767 588 3855 (eod.
611 3768 729 3834 Veron.
738 3768 770 3854 l)

429 3933 489 3977 cao.
508 3866 784 4052 wi

403 4285 428 4355 *)
454 4286 541 4340 codex
558 4283 803 4340 Lachmannianus
821 4285 860 4355 A,
881 4285 977 4355 quiin
996 4287 1096 4341 ceteris
1115 4287 1150 4341 ab
1168 4289 1218 4336 AV
1238 4280 1404 4351 (adsumptis
1423 4281 1474 4337 ali-

331 4377 401 4445 quot
418 4391 452 4429 ex
471 4379 492 4426 (s
509 4373 688 4444 lectionibus)
712 4375 827 4444 pendet,
857 4374 941 4429 ‘freta
964 4375 1059 4444 longa’
1085 4372 1210 4440 exhibet,
1238 4387 1319 4426 mera
1337 4372 1391 4426 hcc
1415 4371 1474 4426 siue

331 4463 509 4535 neglegentia
528 4464 587 4518 siue
605 4463 831 4534 interpolatione.
