3316 5114
300 332 378 388 XXII
730 332 1013 390 PROLEGOMENA.

300 500 333 561 et
357 495 514 562 eiusmodi
538 496 684 562 minutiis
708 519 742 561 se
761 497 936 582 continuit,
960 499 1016 562 sed
1041 500 1139 564 etiam
1163 500 1311 564 criticum
1335 501 1446 566 multis

252 631 257 641 ·
298 604 378 668 locis
402 604 471 689 egit
487 603 663 690 redigendo
685 604 721 668 in
739 604 882 688 aliquam
900 604 1039 670 formam
1060 627 1099 670 ea
1118 627 1199 691 quae
1218 606 1253 670 in
1271 608 1447 693 exemplari

284 712 367 804 ,siue
399 714 533 795 propter
564 714 761 777 uetustatem
798 712 929 777 omnino
967 712 1032 797 legi
1063 713 1241 798 nequibant
1278 714 1346 778 siue
1378 736 1448 780 eor·

299 817 435 901 ruptelis
459 817 637 883 deformata
656 817 775 882 litteris
795 839 893 882 sensu
911 818 1098 903 expertibus
1122 819 1326 903 constabant,
1348 821 1446 886 inter-

299 924 375 988 dum
405 923 504 988 etiam
534 945 676 1009 eaquae
704 945 771 988 non
793 924 1004 1008 intellegebat
1026 925 1127 990 libere
1156 925 1319 992 mutando.
1365 929 1446 992 haec

300 1029 524 1115 supplementa
556 1034 589 1095 et
620 1030 891 1114 interpolationes
924 1052 997 1095 cum
1030 1053 1126 1116 saepe
1157 1032 1193 1095 in
1226 1037 1338 1115 aperto
1371 1034 1446 1120 sint,

300 1159 397 1222 saepe
419 1141 529 1204 tamen
552 1137 738 1202 etiamnunc
760 1136 849 1201 uiros
873 1135 985 1202 doctos
1008 1137 1136 1202 fallunt.
1168 1139 1214 1202 sic
1237 1139 1271 1202 in
1294 1140 1341 1204 eis
1364 1163 1445 1225 quae

297 1244 314 1309 Ι
336 1245 372 1330 2,
395 1243 439 1311 25
461 1246 632 1330 leguntur:

431 1387 483 1452 En
507 1408 567 1472 ego
591 1409 664 1452 cum
687 1385 831 1452 tenebris
854 1389 927 1451 tota
949 1407 1051 1471 uagor
1075 1388 1188 1452 anxius
1211 1389 1290 1452 urbe

297 1531 377 1595 illud
392 1528 541 1615 ‘anxius',
559 1529 714 1616 quidquid
733 1530 844 1596 dieunt
862 1527 1066 1622 interpretes,
1085 1532 1271 1614 corruptum
1288 1534 1345 1596 est.
1368 1555 1444 1623 narn
1529 1567 1532 1572 ‚
1624 1506 1625 1566 ἦ

299 1659 402 1723 neque
425 1658 463 1701 ea
486 1659 583 1721 quam
603 1636 720 1702 adlatis
745 1635 899 1720 exemplis
923 1634 1037 1700 alienis
1062 1636 1195 1700 subesse
1214 1637 1329 1702 uolunt
1347 1639 1445 1724 signi-

298 1744 407 1809 ficatio
426 1742 537 1831 (buris
557 1744 676 1808 amoris
696 1738 881 1828 sollicitus')
904 1741 1016 1806 subest
1033 1763 1138 1826 neque
1158 1743 1288 1808 omnino
1306 1747 1445 1810 uocabu-

298 1852 366 1915 lum
389 1851 431 1916 ob
450 1849 618 1915 uitandam
641 1848 890 1934 ambiguitatem
913 1847 1060 1914 adhiberi
1081 1848 1198 1933 potuit,
1221 1849 1340 1934 quippe
1359 1853 1445 1937 quod

299 1979 395 2024 nemo
418 1979 485 2022 non
508 1957 668 2041 acciperet
690 1977 749 2040 pro
774 1954 946 2041 metuens,
975 1953 1134 2040 timidus'5
1167 1954 1199 2020 id
1224 1958 1309 2040 quod
1332 1965 1445 2044 aperta

297 2065 405 2131 fronte
429 2067 590 2150 repugnat
611 2066 728 2149 poetae
752 2063 940 2128 sententiae.
983 2084 1039 2127 cur
1062 2066 1171 2128 autem
1194 2067 1265 2130 tota
1288 2067 1366 2132 urbe
1390 2091 1444 2133 ua-

299 2174 396 2256 gatur
419 2170 592 2236 Tibullus?
627 2170 781 2234 nimirum
805 2191 914 2234 amore
938 2167 1064 2253 furens3
1102 2169 1141 2234 ef.
1159 2169 1325 2257 Vergilius
1350 2174 1444 2256 [Aen.

298 2278 346 2344 IV
370 2280 426 2360 68]
453 2277 568 2342 ‘uritur
595 2276 708 2342 infelix
731 2274 816 2340 Dido
840 2278 972 2360 totaque
998 2278 1136 2359 uagatur
1158 2277 1238 2342 urbe
1261 2278 1384 2372 furens'
1411 2288 1443 2346 et

299 2384 394 2466 [Aen.
421 2384 469 2450 IV
498 2384 576 2465 300]
611 2383 727 2448 ‘saeuit
758 2383 854 2466 inops
889 2381 989 2446 animi
1022 2385 1190 2468 totamque
1223 2385 1354 2450 incensa
1385 2408 1443 2470 per

298 2492 412 2557 urbem
435 2489 637 2574 baechatur'3
674 2492 707 2554 et
730 2489 881 2554 similiter
903 2488 973 2572 ipse
997 2488 1146 2556 Tibullus
1172 2491 1201 2573 [l
1224 2489 1259 2570 5,
1282 2491 1317 2572 3]
1342 2489 1442 2556 ‘nam-

231 2638 234 2642 ·
299 2620 361 2684 que
385 2619 464 2684 agor
489 2600 526 2662 ut
548 2619 605 2681 per
623 2595 722 2682 plana
745 2595 829 2660 citus
853 2595 923 2661 sola
939 2596 1072 2661 uerbere
1091 2597 1229 2662 turben'.
1263 2598 1343 2664 dixit
1365 2621 1443 2685 ergo

299 2704 448 2770 Tibullus
472 2703 537 2768 tale
561 2703 699 2788 aliquid:
724 2703 806 2768 ‘tota
829 2724 932 2789 uagor
954 2705 1067 2769 incitus
1089 2703 1189 2768 urbe'.
1223 2705 1301 2788 quid
1318 2705 1444 2791 igitur?

298 2835 405 2878 nonne
427 2810 564 2878 ‘anxius'
583 2809 762 2896 repositum
781 2809 923 2876 dicemus
949 2812 990 2876 ab
1010 2833 1047 2877 eo
1067 2810 1123 2896 qui
1143 2809 1311 2895 archetypi
1330 2811 1443 2877 ductus

299 2921 454 2986 euanidos
482 2922 654 3003 utcumque
681 2918 875 2983 resuscitare
904 2917 1072 2984 studeret?
1102 2955 1136 2964 —
1164 2919 1267 2984 altero
1297 2921 1444 3005 exemplo

297 3050 366 3092 rem
389 3026 580 3093 inlustrabo.
625 3026 700 3111 15,
723 3027 766 3092 65
790 3049 835 3111 sq.
857 3027 938 3091 haec
961 3029 1088 3092 extant:

457 3168 586 3252 Pauper
609 3167 649 3233 ad
673 3169 816 3234 occultos
839 3166 951 3233 furtim
975 3166 1111 3233 deducet
1134 3169 1255 3233 amicos

502 3274 680 3360 Vinclaque
703 3274 741 3339 de
764 3275 861 3340 niueo
886 3273 1035 3340 detrahet
1057 3275 1127 3359 ipse
1149 3274 1239 3359 pede.

297 3423 428 3486 fuerunt
449 3419 525 3485 inde
549 3444 568 3485 a
592 3419 719 3485 saeculo
739 3416 801 3483 XV
820 3419 908 3483 docti
930 3417 1083 3484 nonnulli
1106 3418 1163 3501 qui
1184 3417 1265 3482 haec
1288 3417 1323 3484 in
1341 3421 1443 3504 suspi-

297 3529 419 3594 tionem
442 3531 610 3611 uooarent,
633 3526 813 3592 rectissimo
837 3526 886 3590 illi
910 3548 1007 3590 sensu
1030 3524 1127 3590 ducti.
1170 3547 1246 3589 nam
1270 3526 1324 3610 qui
1347 3527 1443 3593 modo

297 3638 405 3701 lenam
427 3639 496 3700 tam
520 3636 637 3701 acriter
660 3637 825 3699 execratus
848 3637 980 3718 tamque
1007 3634 1121 3696 acerbe
1145 3631 1183 3696 de
1207 3631 1307 3696 diuite
1331 3632 1443 3698 Deliae

298 3849 330 3903 ut
347 3847 421 3903 uidit
437 3848 621 3915 Burmannus,
640 3862 770 3901 numerus
789 3842 939 3914 singularis
960 3843 1085 3911 ‘riuum’,
1103 3859 1195 3899 nonne
1213 3843 1308 3914 potius
1328 3844 1441 3901 ‘riuom'

298 3937 469 3992 scribemus?
505 3935 610 4004 requiri
628 3936 722 3989 autem
741 3932 923 4003 singmlerem,
946 3947 991 3986 res
1010 3933 1086 3987 certa
1104 3935 1153 3988 est.
1191 3950 1256 3988 nam
1276 3933 1326 4002 qui
1345 3933 1441 3989 ‘riuos’

297 4026 439 4096 explicant
459 4025 576 4079 ‘riuulos
594 4022 699 4094 passim
717 4039 768 4092 per
782 4022 896 4077 hortum
914 4021 1045 4092 sparsoe’,
1064 4021 1268 4078 obliuisountur
1283 4023 1381 4078 unicae
1400 4038 1442 4076 ar-

206 4147 209 4156 ·
297 4115 371 4185 bori,
400 4115 450 4169 sub
474 4131 530 4182 qua
552 4112 632 4168 humi
655 4113 774 4168 stratum
796 4127 825 4165 se
848 4111 931 4181 fingit
955 4111 1052 4181 poeta,
1080 4112 1194 4167 unicum
1217 4127 1328 4181 quoque
1351 4109 1443 4165 riuum

298 4208 460 4273 conuenire3
487 4219 579 4272 neque
601 4203 683 4257 aliter
705 4201 800 4256 hercle
824 4203 875 4254 aut
896 4200 1040 4256 Lucretius
1061 4201 1085 4256 V
1108 4208 1177 4257 1393
1203 4202 1329 4272 ‘propter
1352 4215 1443 4268 aquae

297 4295 387 4350 riuom
411 4294 461 4348 sub
485 4293 569 4346 ramis
592 4289 699 4347 arboris
720 4291 806 4346 altae'
826 4293 876 4346 aut
893 4291 917 4345 is
935 4291 984 4360 qui
1003 4290 1127 4346 Culicem
1146 4289 1259 4359 scripsit
1276 4307 1303 4342 u.
1323 4293 1374 4342 390
1395 4288 1443 4343 ‘ri-

297 4402 365 4439 uum
382 4384 498 4454 propter
520 4397 610 4450 aquae
632 4379 718 4435 uiridi
740 4381 791 4435 sub
810 4379 909 4435 fronde
928 4379 1075 4435 latentem’
1097 4380 1146 4434 aut
1170 4377 1243 4447 siqui
1262 4377 1313 4432 alii
1331 4377 1385 4431 hac
1403 4377 1443 4432 lo-

298 4473 408 4527 cutione
427 4470 492 4526 sunt
509 4471 560 4525 usi.
