3316 5114
616 325 900 386 PROLEGOMENA.
1254 321 1334 416 XVI-I

186 500 245 566 AV
273 502 449 585 scripturas
482 500 601 564 multas
634 495 761 560 tradere
793 491 948 576 uidimus,
985 489 1033 552 ita
1065 488 1120 552 ille
1153 487 1186 551 in
1219 485 1333 551 ceteris

187 630 313 694 quoque
340 609 501 691 poematis
529 603 747 688 principatum
776 599 911 682 optinet.
958 595 1112 660 nimirum
1139 594 1167 660 10
1195 593 1279 657 unde
1306 594 1336 656 A

188 718 220 778 et
242 713 271 779 V
294 714 448 796 descripti
477 716 553 777 sunt
581 709 680 775 codex
709 709 856 771 uetustus
886 725 981 788 saepe
1009 702 1134 767 librarii
1159 701 1335 784 interpola-

187 821 292 885 tiones
326 823 477 902 expertus
508 819 586 882 erat.
635 815 840 881 increbuerat
870 811 1006 876 saeculis
1039 808 1178 874 maxime
1208 807 1271 872 XII
1304 809 1336 870 01

187 926 269 990 XIII
300 923 352 1011 (ut
373 928 492 990 norunt
520 924 575 1010 qui
602 925 636 987 in
659 925 828 1006 poetarum
856 919 1035 984 latinorum
1063 915 1191 999 scriptis
1221 915 1261 978 ad
1285 935 1335 978 co-

191 1031 275 1096 dices
301 1031 507 1096 emendandis
532 1032 710 1114 posuerunt
734 1023 881 1112 operam)
904 1048 976 1090 mos
1000 1026 1069 1104 ille,
1102 1044 1165 1106 quo
1190 1021 1336 1106 supposi-

190 1139 233 1203 tis
257 1138 449 1223 synonymis
473 1140 530 1202 aut
552 1137 689 1202 totidem
714 1132 914 1219 syllabarum
937 1131 1142 1216 eiusdemque
1166 1151 1336 1194 mensurae

188 1247 354 1311 uocabulis
383 1250 551 1312 auctorum
582 1244 684 1308 uerba
711 1241 817 1326 magis
846 1239 886 1304 ad
915 1262 1117 1304 communem
1145 1243 1215 1302 tum
1243 1237 1336 1303 intel-

186 1353 306 1418 lectum
335 1352 667 1424 adcommodabantur
696 1351 753 1412 aut
780 1347 878 1411 etiam
906 1368 996 1411 mera
1022 1346 1172 1412 uariandi
1193 1344 1337 1409 lubidine

187 1460 442 1524 immutabantur.
487 1457 563 1520 hino
586 1456 603 1519 I
628 1457 661 1539 1,
685 1455 705 1518 2
729 1474 788 1536 pro
814 1451 938 1541 ‘iugera
960 1452 1074 1517 multa'
1098 1455 1133 1516 in
1155 1450 1215 1516 AV
1236 1450 1337 1514 habes
1380 1470 1382 1476 ·

190 1565 267 1651 bug.
290 1562 422 1649 magna'
451 1566 484 1628 et
506 1561 584 1626 ibid.
607 1561 651 1626 54
674 1558 796 1624 ‘exiles'
824 1580 883 1642 pro
908 1556 1080 1642 ‘hostiles'3
1116 1558 1193 1623 hinc
1216 1557 1233 1621 I
1256 1559 1291 1640 2,
1317 1557 1337 1620 6

191 1693 250 1756 pro
271 1670 444 1736 ‘clauditur
465 1674 498 1735 01
516 1670 595 1733 dura
613 1669 710 1733 ianua
729 1666 812 1730 fulta
831 1664 914 1730 sera'
934 1662 1034 1748 (quod
1053 1667 1086 1728 et
1103 1687 1161 1748 per
1181 1687 1214 1729 se
1234 1664 1337 1728 multo

191 1780 337 1860 praestat
365 1779 398 1841 et
424 1777 572 1840 firmatur
600 1775 708 1839 Ouidii
737 1775 778 1854 [a.
802 1769 885 1836 all
909 1771 988 1851 244]
1017 1771 1201 1836 imitatione
1229 1771 1337 1855 ‘atque

189 1883 251 1946 erit
283 1885 435 1967 opposita
467 1885 564 1948 ianua
593 1882 677 1947 fulta
711 1877 810 1963 sera')
842 1880 877 1943 in
895 1876 962 1941 *AV
991 1877 1096 1942 ieiune
1124 1877 1337 1962 languideque

192 1988 302 2054 ‘ianua
324 1990 417 2054 firma
440 1989 523 2054 sera'
547 1989 725 2072 repositum
750 1989 812 2071 est3
835 1985 913 2050 hinc
936 1985 1013 2049 ibid.
1037 1986 1078 2048 21
1101 1983 1169 2049 ‘illa
1192 1985 1262 2049 uiro
1287 2007 1338 2049 co-

191 2118 262 2158 ram
289 2097 400 2161 uultus
429 2097 574 2161 conferre
602 2095 767 2180 loquaces'
798 2092 899 2178 (quod
926 2093 1044 2155 iterum
1073 2090 1237 2156 stabilitur
1264 2090 1337 2156 loco

192 2199 350 2267 Ouidiano
376 2201 462 2284 [Am.
484 2203 500 2266 I
523 2204 559 2286 4,
585 2203 638 2284 17]
669 2202 731 2266 ‘me
761 2204 871 2284 specta
898 2201 1059 2282 nutusque
1087 2220 1177 2262 meos
1200 2199 1338 2261 uultum-

191 2331 251 2392 que
273 2310 473 2393 loquacem'3
510 2310 549 2374 cf.
574 2311 607 2373 01
630 2307 805 2386 Τ110011.,ΙΙ
829 2309 862 2384 6,
885 2306 929 2370 43
954 2305 1076 2368 ‘oculos
1099 2303 1276 2391 loquaces’)
1305 2307 1339 2369 in

190 2414 249 2479 AV
276 2418 423 2479 relictum
452 2418 501 2478 est
531 2415 566 2476 in
595 2413 774 2496 expeditius
802 2411 882 2474 illud
912 2408 1022 2473 ‘nutus
1051 2409 1134 2474 conf.
1161 2411 1339 2496 loquaces'3

190 2521 265 2583 hinc
288 2520 365 2584 ibid.
389 2521 431 2584 52
460 2519 614 2584 ‘aestiuas
644 2521 801 2583 conuocat
830 2538 885 2582 ore
908 2515 1012 2581 niues'
1037 2517 1193 2600 exquisite
1218 2517 1338 2583 dictum

192 2734 346 2817 exemplis
376 2757 456 2820 quae
484 2735 581 2801 facile
611 2737 661 2799 est
689 2755 892 2817 coaceruare,
924 2732 957 2797 id
981 2731 1067 2815 quod
1091 2731 1167 2796 uolo
1192 2733 1271 2796 satis
1295 2734 1339 2796 ef-

191 2841 312 2905 ficitur:
349 2843 407 2907 ubi
430 2840 455 2906 (t
478 2845 510 2906 et
531 2840 590 2905 AV
613 2843 698 2905 inter
727 2863 761 2905 se
785 2840 996 2924 dissentiunt,
1029 2837 1081 2902 his
1104 2838 1172 2901 fere
1195 2838 1339 2904 diffiden-

195 2945 284 3028 dum,
309 2945 349 3008 ab
372 2947 430 3011 illo
455 2949 562 3010 autem
585 2946 648 3010 nisi
673 2946 714 3011 ob
739 2969 853 3011 causas
872 2945 1083 3030 grauissimas
1106 2966 1172 3009 non
1194 2947 1340 3011 receden-

193 3050 269 3114 dum
302 3050 452 3135 illiusque
485 3053 663 3137 scripturas
694 3075 754 3137 pro
788 3053 951 3139 germanis
985 3053 1163 3119 communis
1194 3055 1339 3138 utrisque

192 3158 361 3242 archetypi
383 3158 578 3225 lectionibus
603 3158 655 3247 (0)
678 3161 846 3226 habendas
870 3183 948 3226 0000.

281 3264 463 3330 Videndum
488 3270 537 3330 001
559 3268 715 3352 numquid
740 3268 778 3332 de
797 3269 898 3353 stirpe
917 3269 1074 3333 librorum
1094 3265 1119 3332 G
1139 3271 1173 3332 et
1190 3266 1248 3331 AV
1264 3289 1339 3333 con-

192 3373 314 3438 iectura
337 3373 487 3458 indagari
509 3375 622 3456 possit.
656 3377 688 3438 et
712 3375 751 3438 ad
770 3373 795 3439 I}
814 3374 900 3459 quod
920 3376 1050 3459 attinet,
1075 3375 1142 3438 eius
1161 3374 1340 3461 librarium,

193 3499 266 3544 cum
286 3481 482 3564 scripturam
500 3480 684 3544 imitaretur
702 3481 981 3565 langobardicam,
1000 3502 1068 3544 non
1087 3479 1199 3544 fraude
1215 3480 1340 3567 fecisse,

192 3590 230 3650 ut
256 3588 409 3652 fecerunt·
430 3591 501 3650 tum
528 3585 712 3652 Florentiae
744 3586 884 3651 maxime
912 3585 1008 3650 multi
1037 3587 1160 3651 scribae
1189 3585 1278 3673 (nam
1306 3590 1340 3672 in

194 3694 308 3757 ceteris
331 3695 377 3757 nil
397 3695 451 3758 ille
475 3716 547 3759 cum
566 3695 618 3759 his
637 3695 737 3760 habet
760 3695 953 3777 commune),
976 3694 1031 3759 sed
1051 3698 1216 3760 uetustum
1234 3708 1340 3760 'exem-

194 3798 266 3881 plar
293 3821 389 3881 quam
416 3801 603 3866 fidelissime
632 3802 812 3886 depinxisse
845 3803 1090 3867 autumauerim.
1140 3803 1217 3867 hinc
1245 3803 1273 3868 01
1300 3824 1339 3866 ex

194 3904 253 3967 filii
276 3904 367 3968 uultu
391 3905 428 3968 de
451 3913 543 3990 patre
566 3909 670 3974 facere
694 3909 771 3974 11001
794 3909 1024 3993 coniecturam,
1051 3911 1105 3974 hic
1127 3909 1247 3974 nobilis
1270 3933 1337 3975 sae-

195 4010 258 4074 culi
281 4008 312 4073 X
333 4009 386 4072 uel
408 4009 456 4074 XI
478 4035 623 4098 propago
647 4014 798 4080 dicendus
822 4019 880 4080 est.
925 4019 960 4078 at
982 4015 1085 4080 multo
1109 4015 1281 4100 recentior,
1304 4017 1338 4079 ni

194 4118 347 4200 fallimur,
370 4120 441 4180 erat
464 4118 608 4182 codicum
630 4120 689 4185 AV
711 4144 837 4205 parens.
883 4123 969 4187 hunc
993 4122 1078 4186 enim
1103 4143 1175 4186 cum
1198 4123 1270 4206 ipsa
1293 4123 1339 4185 in-

194 4224 282 4288 doles
311 4247 348 4288 ac
375 4226 493 4290 natura
520 4247 559 4289 ex
582 4226 672 4309 prole
701 4231 873 4311 superstite
900 4229 1084 4314 perspicua,
1115 4232 1184 4293 tum
1207 4229 1295 4292 tituli
1320 4251 1339 4292 a

194 4330 394 4396 rubricatore
422 4332 619 4398 carminibus
647 4335 782 4417 praefixi
810 4337 902 4420 quasi
929 4337 1056 4402 intento
1080 4334 1182 4419 digito
1208 4335 1338 4400 demon·

195 4439 300 4501 strant
323 4439 450 4503 saeculo
470 4438 535 4504 XII
558 4440 609 4504 uel
627 4439 709 4505 XlII
731 4444 838 4506 ortum
863 4465 939 4510 0000.
971 4443 1037 4508 iam
1057 4443 1229 4527 quaeritur,
1252 4443 1338 4527 quis-

248 4551 379 4594 000000.
1105 4546 1124 4600 b
