3316 5114
624 320 770 374 TIBULLI
788 319 856 374 LIB.
875 320 896 375 Ι.
916 326 942 374 3.

346 479 480 563 Abdita,
500 502 597 565 quam
621 482 742 547 circum
764 481 899 544 flumina
921 481 1016 565 nigra
1039 484 1172 564 sonant,

303 587 546 672 Tisiphoneque
570 588 714 671 implexa
736 587 823 652 feros
846 609 906 670 pro
931 587 1075 651 crinibus
1100 607 1221 671 angues

231 710 265 757 70
347 691 465 772 Saeuit,
490 698 522 758 et
544 694 607 758 huc
629 695 706 758 illuc
728 694 829 777 impia
852 694 949 757 turba
972 694 1069 779 fugit3

303 798 387 862 Tum
409 801 503 885 niger
525 800 560 864 in
582 804 678 885 porta
701 804 889 884 serpentum
913 798 1072 864 Cerberus
1096 822 1150 865 ore

347 904 471 970 Stridet
494 911 527 972 et
550 911 676 972 aeratas
701 907 840 972 excubat
863 910 938 971 ante
961 907 1057 971 fores.

301 1011 371 1076 Illic
394 1012 551 1079 Iunonem
573 1018 733 1098 temptare
756 1013 878 1078 Ixionis
901 1014 972 1078 ausi

345 1118 527 1185 Uersantur
550 1121 646 1185 celeri
669 1121 766 1185 noxia
789 1120 934 1184 membra
957 1122 1039 1203 rota,

230 1242 262 1290 75
300 1225 536 1310 Porrectusque
559 1248 677 1291 nouem
701 1226 819 1311 Tityus
842 1249 901 1311 per
923 1227 1036 1312 iugera
1058 1229 1163 1291 terrae

345 1332 503 1397 Assiduae
528 1335 599 1398 atro
622 1334 745 1398 uiscere
768 1333 874 1417 pascit
898 1354 984 1398 aues.

252 1501 255 1506 .
299 1439 458 1504 Tantalus
482 1443 532 1504 est
554 1440 629 1524 illie,
653 1443 686 1505 et
709 1440 830 1504 circum
854 1443 985 1524 stagna3
1012 1441 1067 1504 sed
1092 1463 1198 1506 acrem

342 1545 412 1609 Iam
436 1547 500 1610 iam
523 1546 631 1630 poturi
655 1545 775 1610 deserit
796 1546 883 1610 unda
908 1546 1010 1629 sitim3

299 1651 343 1716 nt
366 1652 473 1716 Danai
495 1652 611 1736 proles,
634 1650 770 1716 Ueneris
794 1652 880 1737 quod
903 1653 1037 1717 numina
1060 1653 1166 1736 laesit,

227 1773 261 1822 80
343 1759 382 1824 In
405 1781 485 1823 caua
508 1758 668 1824 Lethaeas
692 1759 781 1823 dolia
803 1763 914 1843 portat
937 1782 1046 1844 aquas.

298 1864 370 1930 Illic
395 1866 447 1948 sit,
471 1865 662 1951 quicumque
685 1887 775 1934 meos
798 1865 936 1931 uiolauit
959 1888 1095 1951 amores,

344 1970 481 2056 Optauit
504 1973 609 2036 lentas
634 1975 666 2035 et
690 1972 770 2036 mibi
794 1972 937 2036 militias.

302 2078 346 2142 At
368 2084 404 2142 tu
430 2082 520 2144 easta
542 2101 657 2162 precor
680 2101 823 2162 maneas,
848 2080 1014 2164 sanctique
1038 2079 1169 2164 pudoris

343 2184 496 2251 Assideat
519 2190 626 2250 eustos
652 2185 764 2250 sedula
786 2207 913 2269 semper
937 2208 1028 2251 anus.

228 2307 262 2355 85
299 2291 389 2356 Haec
411 2292 473 2356 tibi
496 2291 631 2357 fabellas
654 2292 774 2357 referat
796 2293 967 2375 positaque
990 2292 1122 2357 lucerna

341 2398 489 2462 Deducat
511 2396 608 2481 plena
632 2400 772 2464 stamina
795 2401 894 2484 longa
918 2400 999 2482 colu,

300 2503 348 2568 Ae
372 2505 457 2568 eirca
480 2504 634 2588 grauibus
657 2505 768 2587 pensis
793 2504 892 2570 affixa
914 2505 1023 2589 puella

325 2599 504 2676 'Paulatim
527 2634 640 2677 somno
664 2612 752 2676 fessa
775 2612 923 2676 remittat
945 2634 1035 2696 opus.

299 2717 390 2782 Tunc
412 2719 542 2796 ueniam
567 2718 685 2804 subito,
708 2739 767 2783 neo
791 2719 961 2802 quisquam
979 2718 1110 2782 nuntiet
1133 2720 1222 2800 ante,

227 2840 261 2887 90
339 2823 401 2889 Sed
424 2823 536 2889 uidear
559 2825 648 2889 eaelo
672 2824 791 2889 missus
816 2823 928 2888 adesse
951 2823 1022 2888 tibi.

225 2960 227 2964 ·
298 2929 388 2994 Tunc
411 2931 501 3014 mihi,
525 2930 629 3015 qualis
653 2930 726 3012 eris,
749 2930 866 3014 longos
889 2930 1021 2994 turbata
1045 2929 1189 3013 capillos,

344 3035 449 3101 Obuia
470 3034 600 3121 nudato,
618 3035 724 3120 Delia,
748 3057 838 3100 curre
861 3036 950 3118 pede.

297 3139 369 3206 Hoc
392 3164 514 3227 precor,
538 3143 624 3207 hunc
646 3141 741 3206 illum
763 3143 858 3207 nobis
881 3140 1011 3207 Aurora
1033 3144 1194 3208 nitentem

340 3247 525 3314 Luciferum
547 3251 650 3315 roseis
675 3249 811 3315 candida
833 3253 942 3335 portet
965 3251 1064 3334 equis.
1177 3245 1180 3252 ’

278 3424 345 3478 va.
365 3445 438 3479 esca.
477 3431 510 3480 cs
529 3425 602 3480 enea
623 3426 691 3480 Par.
705 3426 715 3495 q
730 3432 762 3480 co
783 3425 905 3495 Tesyph.
924 3430 947 3477 a
970 3401 1103 3495 nass.
1132 3430 1153 3477 o
1181 3426 1293 3495 respa.
1322 3430 1353 3494 v,

209 3511 277 3566 Par.
301 3531 325 3568 n.
351 3511 485 3584 Thesiph.
510 3514 578 3570 Por.
602 3533 618 3581 p
639 3517 643 3584 Ι
663 3515 776 3584 impexa
795 3520 814 3567 0
835 3515 903 3570 Par.
923 3514 991 3584 (inp.
1009 3517 1050 3584 n);
1070 3531 1139 3569 corr.
1160 3530 1184 3583 ς,
1203 3515 1354 3570 Fraterc‘us

209 3600 213 3670 l
243 3617 294 3670 pro
322 3608 481 3671 correptum
509 3609 547 3658 est
575 3605 621 3672 (cf.
661 3604 739 3673 Verp.
768 3604 865 3673 Georp.
894 3603 933 3657 IV
960 3606 1037 3673 482);
1069 3620 1137 3658 rrum
1167 3604 1241 3658 feros
1267 3605 1363 3674 (pro!)'

208 3689 329 3745 crinibus
353 3709 377 3746 a.
402 3691 445 3761 ,911
465 3699 496 3747 71
521 3693 593 3747 Tum
616 3699 637 3745 fl
657 3694 739 3748 Par:
765 3695 843 3747 Tunc
862 3697 912 3744 AV
932 3693 936 3761 1
957 3691 1029 3762 uigil
1046 3692 1076 3747 in
1094 3694 1177 3763 porta
1195 3691 1355 3760 Gruppius;

206 3780 253 3833 sed
285 3780 349 3833 lutet
375 3781 476 3835 uitium
507 3783 539 3836 in
571 3782 600 3836 in
631 3784 726 3852 porta,
753 3799 808 3851 pro
835 3798 888 3851 quo
920 3781 1031 3852 impuro
1060 3782 1207 3837 Ioeobse'us
1241 3780 1354 3835 informi

206 3867 331 3922 Baebius
357 3886 532 3940 proposuere.
560 3871 720 3938 praeplacet
746 3869 934 3928 Heirsianum
956 3870 1062 3925 intorto
1089 3872 1098 3940 ll
1127 3877 1160 3924 73
1188 3872 1287 3940 tempt.
1318 3875 1353 3925 A:

206 3958 276 4012 tent.
296 3962 345 4009 GV
361 3961 365 4027 Ι
380 3959 490 4028 yxionis
509 3961 555 4029 All
569 3964 603 4013 75
622 3959 701 4014 titius
720 3963 754 4013 G:
774 3958 864 4028 tycios
883 3963 934 4011 AV
947 3961 957 4028 ΙΙ
975 3965 1009 4015 79
1030 3959 1119 4027 (tanay
1137 3963 1160 4011 Δ
1176 3960 1180 4028 l
1196 3959 1272 4027 quod
1290 3963 1353 4013 AV:

205 4064 277 4114 quae
297 4053 318 4099 G
341 4050 350 4118 ΙΙ
373 4054 407 4102 80
430 4048 540 4103 letheas
559 4053 620 4103 GV:
645 4050 733 4104 leteas
755 4054 778 4101 Δ
801 4051 810 4118 ΙΙ
833 4054 867 4103 82
891 4050 995 4117 lentas,
1020 4067 1038 4102 a
1060 4065 1093 4102 ecc
1115 4067 1134 4102 u
1157 4065 1226 4103 corr.
1250 4051 1282 4102 ie
1304 4053 1327 4100 v
1345 4049 1354 4119 Η

206 4141 311 4191 83-88
330 4138 391 4192 bob.
413 4138 480 4193 Por.
496 4139 552 4207 l183
574 4138 657 4192 Casta
674 4154 774 4208 precor
792 4137 911 4191 coniunx
931 4154 1046 4192 maneas
1067 4139 1134 4193 Pur.
1149 4139 1206 4207 1186
1225 4137 1353 4191 Deducas

205 4242 224 4290 ς
240 4227 244 4293 Ι
259 4226 345 4297 longo
355 4231 420 4281 Vm.
438 4233 451 4280 1
466 4225 469 4298 Ι
487 4227 550 4281 colu
564 4226 657 4282 Fris:
670 4228 732 4281 colo
748 4231 766 4278 0
783 4226 849 4280 Par.
865 4227 875 4295 ll
888 4230 922 4280 87
941 4227 979 4280 Ae
990 4232 1020 4279 0:
1036 4228 1076 4280 At
1090 4228 1158 4282 Por.
1172 4228 1182 4296 ΙΙ
1196 4230 1229 4280 89
1246 4227 1352 4279 Tunco

205 4315 262 4384 (sed
275 4315 390 4369 iuvere
404 4315 484 4369 Nunc
494 4316 587 4383 corr·.):
602 4314 729 4384 Tumell
743 4321 774 4369 91
796 4313 1097 4385 Tuncfl(etvm.2):
1118 4316 1351 4369 NunoAVce.1
