3294 5118
296 351 337 414 70
674 297 1048 400 Pssuoomsummun}
1091 299 1094 306 Δ

305 532 339 580 30
377 513 444 578 Nec
468 511 595 596 quaeris
620 506 696 593 quid
720 527 845 593 quaque
870 505 965 570 index
990 504 1050 569 sub
1073 502 1215 587 imagine
1239 501 1334 585 dicet,

374 618 436 685 Sed
460 618 585 703 generis
609 616 732 700 priscos
758 613 926 678 contendis
949 612 1077 677 uincere
1100 612 1251 693 honores,

373 725 560 803 (1555551151
583 723 721 787 maiores
744 721 849 786 maius
873 720 969 784 decus
993 720 1063 803 ipse
1085 718 1221 800 futuris3

375 834 424 898 Ac
447 836 504 896 tua
526 852 593 895 non
615 830 730 893 titulus
754 829 860 911 capiet
883 827 942 891 sub
966 827 1096 891 nomine
1119 825 1214 906 facta,

374 940 516 1005 Aetemo
541 936 596 1002 sed
620 938 716 1000 erunt
737 935 799 998 tibi
823 955 942 1019 magna
964 935 1133 998 uolumina
1155 953 1261 1013 uersu,

305 1069 338 1116 35
377 1047 642 1129 Conuenientque
665 1047 737 1108 tuas
762 1043 870 1125 cupidi
894 1064 1085 1126 componere
1109 1045 1219 1109 laudes
1330 1121 1334 1129 Ι

374 1156 523 1240 Undique
548 1153 665 1237 quique
689 1153 805 1215 cenent
828 1151 937 1215 uincto
962 1150 1042 1233 pede
1067 1151 1184 1236 quique
1207 1155 1328 1218 soluto:

274 1309 277 1314 ,
376 1264 454 1340 Quis
478 1261 596 1346 potius,
621 1262 783 1324 certamen
808 1259 878 1323 erit.
907 1259 968 1320 sim
992 1258 1097 1322 uictor
1120 1261 1153 1323 in
1177 1261 1250 1343 illis,

376 1371 423 1436 Ut
446 1372 595 1433 nostrum
619 1368 719 1431 tantis
743 1365 920 1430 inscribam
943 1387 1060 1429 nomen
1085 1367 1118 1429 in
1143 1367 1234 1432 actis.

375 1476 460 1541 Nam
485 1475 555 1560 quis
578 1478 610 1538 te
635 1474 759 1538 maiora
782 1473 867 1558 gerit
890 1473 1046 1537 castrisue
1070 1473 1208 1538 foroue‘?

305 1601 339 1649 40
376 1585 445 1650 Nec
467 1588 576 1648 tamen
599 1582 652 1645 hic
676 1583 731 1644 aut
753 1580 807 1643 hie
830 1579 892 1643 tibi
914 1581 986 1643 laus
1010 1581 1152 1644 maiorue
1177 1581 1334 1663 minorue,

378 1691 470 1754 Iusta
492 1690 563 1773 pari
586 1688 742 1772 premitur
765 1688 866 1751 ueluti
891 1709 963 1752 curn
986 1687 1127 1770 pondere
1147 1688 1240 1772 libra,

376 1797 485 1862 Prona
506 1818 565 1860 nee
589 1795 649 1860 hac
672 1796 746 1880 plus
769 1797 861 1878 parte
886 1794 975 1858 sedet
998 1817 1056 1860 nec
1081 1796 1185 1880 surgit
1208 1797 1249 1860 ab
1273 1797 1338 1880 illa,

377 1904 499 1988 (155115,
522 1904 731 1988 inaequatum
754 1903 781 1966 si
805 1901 934 1987 quando
958 1923 1039 1966 onus
1064 1905 1158 1988 urget
1181 1903 1350 1987 utrimque,

378 2011 544 2076 instabilis
568 2013 660 2075 natat
684 2011 810 2074 alterno
836 2009 1018 2093 depressior
1042 2009 1127 2073 orbe.

307 2135 341 2183 45
379 2117 464 2183 Nam
489 2141 545 2182 seu
570 2117 689 2181 diuersi
711 2115 830 2179 fremat
852 2115 1073 2180 inconstantia
1096 2115 1197 2200 uulgi,

378 2225 455 2290 Non
478 2225 562 2288 alius
586 2223 697 2288 sedare
724 2226 835 2306 queat3
860 2244 915 2286 seu
939 2222 1053 2286 iudicis
1078 2222 1127 2286 ira

382 2330 431 2397 Sit
454 2331 623 2416 placanda,
646 2330 711 2394 tuis
734 2329 855 2414 poterit
878 2329 1046 2393 mitescere
1070 2329 1188 2394 uerbis.

379 2433 455 2504 Non
478 2439 577 2524 Pylos
602 2441 658 2502 aut
680 2437 790 2502 Ithace
813 2440 923 2502 tantos
948 2437 1096 2522 genuisse
1116 2438 1263 2503 seruntur
1338 2491 1343 2498 .

379 2546 520 2611 Nestora
543 2547 596 2610 uel
619 2566 739 2630 paruae
764 2564 919 2629 magnum
944 2545 1040 2609 decus
1064 2545 1152 2610 urbis
1176 2544 1314 2630 Ulixem,

310 2671 343 2718 5ο
380 2653 509 2718 Uixerit
532 2653 586 2718 ille
611 2673 710 2717 senex
734 2651 891 2737 quamuis,
914 2651 991 2715 dum
1013 2656 1109 2716 terna
1132 2674 1189 2737 per
1213 2652 1323 2717 orbem

383 2761 517 2826 Saecula
541 2759 702 2824 fertilibus
727 2759 825 2823 Titan
850 2759 1031 2823 decurreret
1054 2759 1152 2842 horis,

379 2868 439 2932 Ille
463 2890 521 2951 per
538 2867 669 2953 ignotas
693 2866 797 2931 audax
822 2867 978 2931 errauerit
1001 2868 1107 2951 urbes,

382 2975 452 3051 Qua
475 2975 574 3039 maris
599 2973 751 3038 extremis
775 2974 871 3038 tellus
895 2973 1070 3038 includitur
1094 2972 1198 3039 undis.

382 3081 469 3146 Nam
493 3079 712 3166 Ciconumque
736 3103 850 3144 manus
874 3081 1020 3146 aduersis
1043 3080 1185 3164 reppulit
1209 3081 1316 3165 armis,

312 3203 346 3252 55
383 3187 451 3253 Nec
475 3187 578 3252 ualuit
600 3189 684 3252 lotos
708 3191 841 3272 coeptos
865 3191 1010 3252 auertere
1034 3210 1155 3271 cursus,

278 3431 287 3448 ·
363 3418 432 3472 Ver,
452 3437 526 3470 naor.
556 3423 590 3472 30
605 3415 672 3485 quid
687 3433 796 3485 quaque
811 3417 894 3471 index
909 3422 942 3471 F:
962 3417 1030 3486 quid
1044 3434 1100 3486 qua
1113 3417 1195 3471 index
1211 3421 1229 3468 0
1243 3420 1253 3487 11
1267 3424 1309 3486 31,
1325 3423 1357 3470 33
1378 3417 1440 3470 hab.

295 3509 362 3564 Par.
376 3509 387 3578 1
401 3515 433 3562 31
454 3507 572 3561 Uincerc
592 3506 640 3560 sed
659 3506 764 3576 priscos
783 3523 846 3576 gen.
867 3508 940 3561 cont.
960 3506 1303 3574 1555.Ραν.11321515515
1323 3511 1342 3559 0
1364 3506 1442 3572 Par„

297 3597 405 3651 Planta
425 3597 535 3650 futurus
555 3609 571 3652 s
585 3596 641 3664 133
657 3594 697 3649 Ao
716 3599 749 3647 0:
770 3595 807 3648 At
821 3599 872 3646 AV
888 3595 982 3650 Plorat.
1000 3598 1004 3664 1
1021 3597 1167 3650 stemmate
1184 3597 1276 3664 1551111
1290 3603 1324 3650 36
1340 3597 1442 3650 canunt

294 3702 311 3745 ς
332 3685 452 3756 1155555
475 3689 497 3736 V
520 3686 530 3754 1
552 3689 586 3737 37
612 3681 743 3753 15551550
765 3683 877 3737 Plorat:
903 3683 996 3753 potior
1015 3699 1031 3741 ς
1054 3686 1064 3754 11
1086 3691 1190 3738 39-47
1211 3687 1252 3739 tta
1270 3686 1442 3740 5511555553

296 3775 377 3829 Para
397 3779 440 3842 45,
459 3779 502 3842 46,
518 3779 565 3841 47;
585 3774 715 3841 39-4111
729 3779 762 3826 39
777 3773 850 3826 Nam
865 3772 926 3840 quis
940 3775 1016 3827 ter:
1035 3773 1108 3827 Nam
1127 3773 1230 3843 quique
1249 3772 1303 3828 tibi
1317 3778 1363 3826 AV
1381 3775 1441 3828 Nee

295 3864 444 3933 quisquam
463 3868 485 3915 3
506 3863 573 3916 Par.
588 3860 746 3930 ll·eas'trisue
767 3862 834 3915 Par.
855 3876 871 3919 ς
887 3862 995 3916 Plana:
1014 3862 1098 3917 cartis
1112 3881 1147 3917 ne
1162 3865 1221 3933 (sic)
1237 3869 1287 3916 AV
1301 3863 1442 3918 chartisue

296 3955 389 4024 31140
407 3953 454 4007 hic
473 3951 586 4007 5551515
604 3949 658 4004 tibi
678 3952 821 4019 3315511
838 3969 871 4005 m.
893 3953 932 4020 2):
955 3951 1003 4006 hic
1022 3954 1072 4007 aut
1089 3952 1143 4007 tibi
1161 3958 1211 4005 AV
1230 3971 1263 4008 m.
1285 3957 1299 4006 1
1323 3954 1376 4008 hee
1395 3953 1444 4006 aut

262 4093 263 4098 ,
294 4043 348 4098 hec
366 4042 421 4097 tibi
441 4041 509 4096 Par.
529 4041 595 4094 hinc
615 4042 664 4094 aut
682 4039 748 4094 hinc
766 4038 819 4092 tibi
839 4040 911 4094 Itali
928 4041 938 4109 11
956 4044 989 4093 43
1011 4040 1064 4094 Sed
1084 4039 1174 4111 magis
1194 4043 1326 4108 squatum
1347 4043 1414 4095 Por.
1436 4041 1440 4112 1

296 4135 393 4201 utruq3
413 4129 505 4202 3146
525 4129 615 4184 Nemo
635 4128 725 4199 magis
745 4127 843 4182 sedare
863 4129 931 4182 Par.
945 4129 956 4198 11
976 4136 1010 4184 48
1029 4129 1131 4198 phylos
1149 4134 1171 4180 V
1195 4132 1198 4198 1
1220 4129 1313 4185 1515555
1333 4129 1386 4199 (ith
1410 4147 1443 4184 cx

296 4222 377 4290 corr.)
398 4223 433 4274 0:
459 4219 541 4288 yteec
560 4223 611 4270 AV
635 4219 645 4286 11
667 4223 701 4272 49
721 4216 824 4271 ulixem
843 4223 907 4272 AV:
935 4217 1050 4272 ulissem
1069 4219 1106 4286 (55
1125 4235 1158 4272 ca
1176 4221 1257 4288 corr.)
1276 4224 1297 4270 0
1315 4219 1443 4288 Ulyssem

299 4310 396 4366 Ptuat.
415 4311 425 4380 11
444 4314 476 4363 51
502 4309 583 4378 tytan
607 4311 658 4359 AV
677 4308 681 4376 1
702 4306 857 4362 decurrerit
877 4306 975 4362 Plorat.
994 4309 1056 4377 1154
1075 4307 1179 4376 repulit
1197 4312 1246 4360 AV
1260 4311 1270 4378 l
1283 4313 1316 4362 55
1336 4308 1394 4362 Nec
1414 4323 1442 4366 s:

296 4399 363 4454 Non
382 4403 401 4450 0
425 4399 519 4452 Plani.
537 4397 652 4465 11511555
676 4401 708 4451 F:
733 4397 837 4466 ciclops
856 4401 907 4448 AV
926 4397 1039 4466 cyclops
1058 4397 1100 4468 (11
1116 4398 1230 4466 coeptos
1253 4412 1282 4455 s:
1308 4400 1404 4467 captos
1423 4403 1443 4451 Ε

297 4489 408 4561 tempus
428 4491 446 4538 ο
463 4487 468 4560 1
484 4489 610 4542 auertere
630 4503 646 4549 ς
667 4487 776 4542 Plorat:
796 4487 958 4542 conuertere
977 4491 1027 4538 GV
1045 4486 1154 4540 uertere
1173 4490 1196 4540 A
