3316 5114
487 966 692 1064 ALBH
725 963 1025 1065 TIBULLI

543 1159 548 1168 ·
594 1145 728 1210 unus
750 1142 922 1208 nunus

704 1326 810 1333 ———

746 1470 773 1541 Ι.

279 1589 419 1654 Diuitias
444 1591 525 1654 alius
545 1591 635 1654 fuluo
660 1591 722 1654 sibi
745 1594 900 1673 congerat
924 1609 1001 1652 auro

259 1749 265 1760 ,
320 1696 365 1760 Et
388 1702 497 1762 teneat
521 1699 599 1762 culti
621 1697 735 1781 iugera
758 1697 861 1760 multa
881 1695 957 1776 soli,

277 1803 380 1880 Quem
403 1804 497 1868 labor
521 1804 667 1868 assiduus
691 1803 799 1868 uicino
823 1806 943 1866 terreat
965 1802 1073 1884 hoste,

320 1909 441 1974 Martia
465 1910 516 1974 oui
540 1933 670 1976 somnos
695 1911 830 1975 classina
852 1909 947 1992 pulsa
968 1909 1094 1993 fugent:

224 2033 239 2082 5
276 2016 329 2081 Me
348 2039 421 2080 mea
443 2021 618 2100 paupertas
641 2017 710 2082 uita
732 2017 883 2081 traducat
905 2015 1011 2098 inerti,

225 2143 240 2190 6
322 2124 408 2189 Dum
431 2147 521 2189 meus
546 2123 675 2188 assiduo
694 2124 800 2186 luceat
822 2123 898 2206 igne
922 2121 1023 2206 focus,

207 2247 241 2295 25
278 2228 369 2293 Dum·
388 2230 484 2294 modo
507 2231 572 2294 iam
596 2221 720 2313 possim
744 2232 914 2294 contentus
938 2228 1046 2293 uiuere
1069 2250 1172 2312 paruo

259 2389 434 2442 Tusnrnonm.
477 2387 489 2440 Ι
514 2393 543 2454 1,
567 2393 590 2441 2.
615 2386 797 2440 Diomedes
820 2404 848 2454 p.
873 2392 926 2440 484
949 2385 995 2441 K:
1021 2385 1132 2456 ‘Elegia
1155 2388 1198 2441 est
1221 2402 1333 2442 carmen

189 2476 366 2545 conpositum
384 2475 549 2529 hexametro
568 2491 650 2528 uersu
668 2476 900 2544 pentametroque
919 2473 1033 2528 alternis
1056 2473 1086 2528 in
1108 2474 1208 2529 uicem
1223 2474 1332 2546 positis,

162 2585 164 2588 ·
188 2565 232 2618 ut:
252 2563 395 2617 diuitias
417 2594 448 2602 -
469 2563 556 2618 soli'.

260 2652 308 2707 Ι6
332 2651 463 2706 adferunt
485 2651 612 2707 Marius
630 2652 831 2707 Victorinus
853 2671 880 2721 p.
906 2658 971 2721 127,
991 2659 1019 2719 73
1044 2651 1185 2708 Caesius
1207 2653 1333 2709 Bassus

188 2761 216 2812 p.
236 2748 358 2809 264,14;
379 2740 589 2797 Censorinus
608 2742 642 2796 de
662 2744 742 2796 metr.
760 2760 788 2811 p.
808 2747 917 2810 612,12
938 2745 967 2796 et
986 2747 1095 2812 616,15
1114 2740 1207 2796 Keilii.

260 2868 398 2922 Venimus
412 2885 559 2920 tacuimus.
591 2865 676 2919 Albii.
695 2865 810 2920 Tibulli.
825 2868 935 2935 poetas.
949 2866 1076 2922 illustris.
1092 2867 1225 2938 elegistis
1253 2867 1301 2922 lib.
1311 2869 1333 2923 I.

84 2975 86 2982 ’
188 2953 272 3024 incip.
302 2954 344 3009 de.
369 2954 518 3009 amoribus.
539 2952 637 3007 Deliae
661 2955 713 3010 lin.
736 2956 849 3009 noinso.
869 2956 945 3010 rubr.
971 2961 1000 3009 6.
1037 2954 1114 3009 Albii
1137 2955 1231 3010 tibulli
1250 2959 1334 3030 poetp

190 3045 283 3113 (poete
297 3045 331 3112 A)
350 3041 468 3097 illustris
482 3041 554 3095 liber
567 3039 674 3110 incipit.
703 3041 740 3096 Et
753 3041 844 3112 primo
858 3043 1035 3112 prohemium
1049 3045 1123 3113 quod
1138 3045 1333 3115 (prohemium.

190 3132 270 3198 Quod
293 3135 326 3202 A)
349 3130 450 3201 spretis
474 3129 582 3185 diuitiis
606 3131 690 3198 atque
715 3129 819 3186 militia
841 3131 945 3187 delium
970 3135 1047 3188 amet
1069 3135 1099 3188 et
1121 3134 1211 3190 amori
1233 3152 1334 3190 uacare

188 3238 300 3290 prorsus
318 3220 398 3276 uelit.
435 3222 487 3275 Rca
512 3226 582 3292 (Ipsa
608 3237 711 3291 semper
733 3223 766 3291 A)
785 3226 836 3274 Av
854 3224 930 3279 rubr.
951 3223 1285 3291 ))1-10bnhentPnr.;
1311 3231 1334 3291 1,

189 3316 214 3379 2,
234 3315 259 3379 5,
279 3319 294 3367 6
313 3311 400 3380 Fris,
419 3327 535 3380 qnorum
553 3311 619 3364 haec
637 3309 713 3362 Albii
732 3309 850 3378 Tibulli,
875 3311 927 3364 ilia
946 3308 1076 3364 Tibullus
1094 3309 1125 3364 in
1147 3311 1218 3366 libro
1244 3312 1333 3382 primo
1398 3329 1400 3336 ’

189 3399 223 3452 de
244 3398 380 3454 felicitate
399 3398 531 3468 pauperis
550 3397 608 3452 uite
627 3399 809 3466 inscribunt)
834 3405 848 3452 1
870 3401 1005 3468 congerat
1024 3405 1043 3451 0
1064 3400 1141 3468 Pon,
1160 3399 1251 3454 Fris:
1271 3418 1335 3455 con-

190 3490 265 3542 serat
283 3488 427 3543 Diomedes
447 3489 530 3558 (nnde
549 3485 675 3542 conferat
695 3487 854 3556 Pntscbins)
868 3489 877 3555 ΙΙ
892 3493 907 3540 2
922 3487 1012 3541 multa
1026 3491 1048 3538 6
1064 3487 1141 3556 Pan,
1160 3487 1246 3555 Fris,
1266 3489 1334 3544 Dio·

189 3577 290 3630 medes:
307 3595 412 3648 magna
429 3582 504 3643 Avg
526 3579 535 3646 ΙΙ
559 3583 574 3630 3
595 3577 723 3630 exerceat
743 3576 925 3644 Mnsprnvins
947 3577 957 3644 ΙΙ
979 3582 996 3629 4
1014 3574 1121 3629 Marcis
1139 3574 1184 3629 oui
1203 3593 1334 3646 sompnos

192 3664 260 3720 Pur.
279 3666 289 3733 l)
307 3671 322 3719 5
341 3666 442 3720 uitat}
466 3667 545 3732 Pan,
567 3665 658 3720 Fris:
684 3664 761 3719 uitae
786 3668 836 3716 Av
859 3665 868 3734 l)
892 3671 907 3718 6
931 3681 1025 3718 meum
1041 3662 1125 3719 'Fris
1147 3667 1151 3732 )
1172 3666 1283 3722 assiduo
1308 3673 1335 3737 0,

191 3753 296 3805 metrici
314 3756 380 3822 (nisi
397 3757 469 3823 qnod
486 3754 651 3810 Censorinus
666 3756 707 3808 bis
726 3753 880 3824 adsiduus):
900 3753 1000 3823 exiguo
1018 3753 1095 3821 Pan,
1110 3755 1151 3824 gl)
1165 3760 1269 3810 25-36
1283 3758 1336 3811 bne

191 3843 363 3910 transposui,
387 3850 536 3911 praeeunte
561 3861 594 3898 en
617 3849 699 3913 panto
722 3844 843 3912 Hnnsio,
867 3845 915 3912 qni
937 3845 969 3898 in
992 3859 1076 3897 uerno
1100 3845 1179 3898 nnin.
1222 3844 1334 3902 Vintisl.

187 3946 282 4000 propr.
307 3949 331 3986 n.
357 3937 426 3987 1855
446 3951 476 4002 p.
501 3942 533 3988 12
559 3953 605 4004 sqq
629 3941 744 3989 25-34
765 3938 829 4003 post
857 3940 934 4003 6,13
963 3938 988 3988 et
1014 3939 1047 3986 14
1070 3939 1134 4002 post
1159 3939 1191 3988 18
1219 3935 1336 3990 traiecit.

191 4021 250 4073 ulia
281 4021 423 4088 temptauit
455 4022 485 4076 0.
514 4023 678 4078 Ribbeckins
709 4025 741 4077 in
771 4040 863 4093 propr.
896 4024 975 4076 nnin.
1001 4022 1097 4076 Kilon.
1130 4039 1157 4076 a.
1187 4027 1266 4077 186⁷:
1301 4023 1336 4089 cs.

150 4154 155 4166 .
191 4110 312 4164 libellum
334 4127 422 4164 nenn
447 4111 626 4166 ‘Tibullische
648 4113 768 4167 Bzunn’
789 4130 820 4181 p.
840 4119 875 4167 64
893 4129 948 4181 sqq.
971 4113 981 4182 [Ι
1004 4116 1110 4166 25-34
1133 4112 1233 4166 babent
1254 4113 1337 4179 Par.;

191 4203 234 4268 25,
253 4205 296 4267 33,
315 4205 351 4253 34
369 4199 446 4254 Fris.
470 4200 480 4268 l)
502 4204 535 4252 25
559 4199 633 4252 Dum
656 4200 739 4253 modo
758 4199 815 4254 iam
838 4201 944 4270 possim
963 4202 1075 4268 scripsi:
1099 4201 1158 4254 Iam
1177 4201 1260 4255 modo
1279 4201 1337 4255 iam

190 4287 296 4356 possim
315 4288 391 4343 Fris.
429 4292 489 4344 lam
508 4288 591 4342 modo
610 4305 666 4342 non
684 4306 798 4358 possum
818 4294 837 4341 0
857 4288 966 4359 Quippe
986 4306 1039 4359 ego
1057 4289 1114 4342 ianr
1133 4305 1246 4358 possum
1268 4289 1336 4344 Par.

192 4376 253 4432 lam
272 4377 353 4446 mihi,
377 4377 435 4434 iam
459 4378 564 4450 possim
589 4379 622 4433 L.
644 4380 796 4432 Mnellerns
817 4384 965 4446 praeeunte
988 4379 1204 4445 Schneidewino,
1227 4381 1336 4435 conieci.

191 4468 251 4521 crit.
267 4485 297 4536 p.
320 4474 369 4522 146

1090 4557 1124 4608 lt
