3316 5114
627 311 914 371 Psouncousnl.
1267 310 1344 365 XXV

200 479 343 544 carmina
375 479 450 544 libri
480 481 568 544 tertii
597 477 894 564 pseudotibulliana
924 474 1161 559 pcrtinentibus
1192 473 1345 559 quoniam

199 588 265 651 iam
297 587 331 650 in
363 584 475 650 libello
508 609 536 650 a.
571 587 654 650 1876
689 584 784 648 Ienae
818 585 950 666 emisso,
987 584 1038 647 cui
1070 583 1263 666 inscriptum
1296 582 1346 644 est

201 687 415 758 ‘Tibullische
445 681 597 775 Blaccer’,
635 690 714 756 satis
748 711 905 774 superque
938 691 1003 774 egi,
1040 689 1199 772 reliquum
1230 691 1280 751 est
1310 692 1346 750 ut

199 823 303 884 pauca
336 800 452 864 addam
483 799 521 862 de
551 798 613 864 hae
643 798 792 862 editione.
841 796 1032 880 primarium
1064 799 1172 860 autem
1203 794 1346 859 officium

201 929 308 970 meum
333 905 420 989 duxi,
445 905 492 969 'de
515 906 673 970 librorum
695 902 797 970 ccv
819 904 1013 969 lectionibus
1039 903 1123 967 clare
1152 905 1184 966 et
1208 902 1346 967 dilucide

200 1013 332 1092 referre,
364 1013 412 1076 ita
436 1017 547 1076 tamen
574 1015 610 1076 ut
637 1012 748 1076 sordes
778 1011 902 1094 aliquot
925 1010 1116 1095 scripturae,
1148 1030 1188 1073 ex
1210 1030 1346 1093 quarum

200 1120 321 1183 notitia
356 1119 466 1183 nullus
498 1118 676 1202 percipitur
710 1118 848 1201 fruetus,
886 1117 1014 1182 silentio
1046 1116 1347 1199 praetermitterem.

202 1249 313 1291 omnes
338 1226 423 1290 enim
452 1225 576 1290 codices
600 1224 649 1289 illi
675 1246 751 1289 suae
776 1225 893 1289 aetatis
921 1224 955 1288 in
980 1223 1156 1289 scribendis
1179 1221 1347 1287 uocabulis

200 1333 464 1398 consuetudinem
484 1333 587 1396 secuti
605 1333 692 1414 sunt,
715 1330 799 1395 unde
818 1331 925 1395 habes·
937 1331 972 1394 iu
989 1330 1047 1395 AV
1061 1331 1219 1414 hybernus,
1236 1331 1348 1414 ymber,

201 1433 374 1522 suppresso,
393 1444 478 1503 ortus
498 1436 572 1523 (pro
586 1434 715 1521 bortis),
733 1438 876 1521 disicias,
893 1439 1009 1502 omium
1024 1438 1104 1521 sim,
1123 1437 1228 1516 nichil,
1246 1436 1348 1520 calchi,

202 1544 396 1626 acuffrupus,
418 1544 553 1628 Affrieo,
576 1564 727 1622 occeanus,
755 1547 923 1628 praeterea
946 1544 981 1608 in
1003 1543 1033 1607 V
1055 1544 1194 1622 theurus,
1224 1542 1348 1626 scapha,

202 1651 328 1714 cimbro
351 1652 437 1735 sim.;
472 1652 502 1715 A
530 1655 636 1716 autem
664 1672 791 1734 semper
818 1651 899 1735 fere,
926 1650 955 1716 V
977 1651 1166 1736 plerumque
1189 1672 1205 1714 e
1229 1671 1288 1733 pro
1312 1671 1348 1713 oe

202 1757 363 1822 exhibent.
394 1743 518 1822 —-‘sed
541 1758 680 1822 maxime
703 1755 743 1842 c,
774 1757 982 1840 quantumuis
1010 1757 1046 1820 in
1073 1758 1187 1821 ceteris
1211 1755 1349 1820 fideliter

201 1865 367 1947 exemplar
389 1869 556 1930 uetustum
579 1865 739 1948 depinxit,
770 1867 879 1928 tamen
906 1864 941 1928 in
963 1886 997 1928 re
1021 1863 1275 1948 orthographica
1298 1863 1348 1927 sui

205 1972 325 2035 saeculi
352 1993 447 2036 usum
475 1971 588 2056 refert,
629 1994 704 2036 nam
732 1993 782 2055 oe,
813 1974 850 2035 ut
872 1971 967 2054 plene
996 1971 1135 2035 seribere
1162 1970 1229 2034 fere
1257 1970 1348 2054 solet,

201 2076 248 2139 ita
277 2081 309 2140 et
336 2099 396 2160 pro
425 2078 565 2160 simplici
589 2099 604 2142 e
630 2078 724 2160 ponit
746 2081 873 2161 praeter
899 2079 1127 2143 necessitatem
1150 2077 1271 2164 (herba,
1301 2079 1349 2141 io-

201 2187 314 2268 cpstus,
338 2183 429 2270 leuis,
453 2184 545 2272 leuis,
568 2185 639 2272 leno
658 2185 758 2268 sim.);
780 2206 877 2267 porro
900 2184 988 2249 haud
1005 2207 1079 2248 raro
1103 2205 1137 2248 oe
1158 2205 1217 2267 pro
1238 2205 1275 2248 oe
1296 2184 1349 2248 uel

201 2308 217 2350 e
237 2288 350 2373 habet,
373 2292 410 2354 ut
427 2293 574 2374 poenitet,
597 2296 740 2374 meatus,
760 2292 910 2372 foemina,
933 2291 1060 2369 coelum,
1083 2296 1211 2374 coetae,
1231 2291 1350 2371 foelicis

204 2392 236 2479 (o
260 2395 421 2459 interdum
446 2419 465 2460 a
488 2413 510 2477 g
538 2417 666 2461 erasum
695 2400 744 2460 est
772 2394 900 2482 postea)
929 2397 1012 2479 sim.;
1050 2397 1149 2461 etiam
1176 2419 1199 2461 a
1225 2420 1283 2482 pro
1309 2418 1349 2482 lu,

203 2503 240 2563 ut
257 2521 389 2581 nonque,
412 2507 561 2580 catanae,
583 2503 717 2566 solennis
736 2500 901 2588 (similiter
918 2503 1062 2587 sullimis,
1080 2504 1256 2588 secllctum);
1279 2508 1349 2569 tum

203 2625 219 2669 s
241 2627 301 2689 pro
323 2627 359 2690 a,
382 2612 419 2673 ut
441 2609 551 2673 mistus
574 2609 658 2693 sim.;
692 2607 855 2675 interdum
877 2632 898 2694 y
920 2632 979 2694 pro
1002 2613 1016 2675 c'
1039 2612 1167 2695 scribit,
1194 2614 1231 2676 ut
1254 2613 1349 2694 tybiu3

88 2711 89 2714 ’
203 2733 263 2777 nec
290 2735 357 2778 non
383 2715 481 2780 ulelor
514 2719 689 2802 contraque
716 2723 830 2802 autor,
857 2719 994 2804 denique
1028 2718 1205 2802 adspiratio
1238 2715 1349 2802 (saepe

202 2824 282 2885 noto
306 2822 362 2886 illo
386 2822 481 2906 signo
507 2823 540 2908 l)
564 2823 739 2889 addita-
765 2825 818 2889 hic
841 2825 908 2889 illie
931 2847 950 2888 a
973 2842 996 2906 g
1021 2862 1058 2870 —
1085 2825 1119 2888 in
1141 2825 1249 2908 leuba,
1272 2845 1350 2889 onies

203 2927 273 2990 sim.
300 2963 337 2971 —
364 2932 504 2992 ceterum
528 2931 583 2992 sed
608 2930 726 3014 ubique
754 2928 840 2995 exli
868 2930 954 3011 dedi,
986 2952 1058 2995 cum
1081 2931 1111 2994 A
1134 2951 1261 3013 semper
1283 2930 1349 2995 fere

202 3031 278 3097 etv
297 3055 392 3118 saepe
410 3055 442 3111 s;
465 3031 521 3119 (=
537 3034 595 3121 set)
616 3036 791 3100 exhibeant
810 3036 923 3122 (etiam
937 3035 1028 3123 Por.)
1042 3075 1085 3083 —
1099 3037 1180 3101 haee
1198 3037 1297 3121 igitur
1316 3042 1350 3102 et

202 3140 271 3204 eius
286 3140 413 3224 generis
429 3141 501 3225 alia,
519 3145 555 3206 ut
568 3141 672 3208 bonae
688 3146 795 3208 cartae
809 3166 985 3229 parcerem,
999 3146 1107 3229 omisi3
1126 3148 1158 3209 et
1171 3167 1294 3230 uereor,
1307 3167 1348 3209 nc

202 3248 301 3311 etiam
320 3248 355 3310 in
372 3248 417 3312 cis
433 3270 514 3330 quae
533 3250 745 3315 adscribenda
759 3253 873 3336 putaui
887 3253 1015 3336 parcior
1033 3275 1104 3318 esse
1120 3252 1292 3337 potuerim.
1308 3289 1345 3297 -

202 3354 299 3418 solita
313 3363 420 3419 autem
434 3356 636 3440 temporibus
651 3357 715 3420 illis
731 3359 920 3441 compendia
935 3359 1113 3442 scripturae
1132 3363 1190 3422 aut
1202 3360 1236 3422 in
1251 3379 1348 3442 appa-

201 3465 274 3524 ratu
286 3483 537 3527 commemorare
550 3466 607 3526 aut
618 3463 672 3527 hic
684 3485 843 3547 enarrare,
857 3465 953 3548 plane
966 3447 1162 3548 superfluum
1174 3467 1224 3527 est
1233 3464 1349 3529 uisum.

201 3651 267 3688 nam
289 3637 418 3706 negando
442 3655 514 3706 quae
537 3637 635 3708 negari
657 3655 714 3694 non
736 3637 904 3708 debuerunt,
933 3638 992 3695 scil.
1016 3639 1064 3708 agi
1087 3639 1099 3692 I
1123 3647 1153 3707 2,
1177 3646 1210 3694 67
1230 3657 1289 3708 sqq.
1313 3638 1348 3692 de

202 3722 299 3776 Deliae
323 3727 438 3796 marito,
467 3730 497 3782 ct
519 3727 586 3782 hinc
609 3728 682 3782 falsa
705 3727 884 3797 affirmando,
912 3745 1011 3798 nempe
1030 3730 1156 3798 tempore
1180 3728 1288 3799 elegiae
1307 3745 1349 3782 se-

203 3807 311 3864 cundae
334 3814 467 3868 maritum
489 3816 569 3870 illum
594 3817 701 3872 Romae
724 3819 867 3870 uersatum
890 3833 950 3872 csse
974 3817 1066 3887 (quasi
1088 3835 1144 3872 non
1168 3836 1212 3872 uu.
1235 3821 1348 3870 43-—58

202 3898 237 3952 de
262 3898 372 3955 absenti
395 3903 517 3972 olimque
540 3907 665 3960 redituro
689 3906 779 3976 accipi
802 3909 832 3961 ct
849 3907 957 3975 possint
980 3909 1010 3960 et
1027 3906 1172 3976 debeant),
1199 3907 1283 3975 longe
1306 3905 1349 3959 uir

201 3986 255 4042 istc
274 3987 373 4043 doctus
393 3989 536 4046 aberrauit
553 3995 588 4049 ab
604 4011 637 4049 eo
653 3996 728 4064 quod
746 3997 789 4050 est
807 3997 839 4049 ut
853 3995 1092 4064 simplicissimum
1110 3995 1151 4049 ita
1164 3993 1349 4061 uerissimum,

201 4077 335 4132 uidelicet
353 4078 411 4133 iam
429 4079 458 4133 in
477 4079 558 4135 initio
576 4083 680 4137 amoris
698 4083 774 4138 illius
793 4083 823 4136 in
836 4083 917 4138 terris
935 4083 1096 4153 longinquis
1115 4082 1282 4139 commorari
1295 4083 1348 4137 De-

201 4165 256 4220 liae
281 4166 429 4237 coniugcm
452 4167 571 4237 ideoque
596 4170 690 4238 huius,
719 4172 806 4226 semel
829 4173 858 4226 et
881 4171 1008 4227 custodia
1031 4175 1162 4241 superata
1186 4175 1215 4227 ct
1236 4171 1349 4241 puellae

201 4257 279 4309 metu
298 4256 447 4326 dissipato,
473 4255 581 4310 nullam
600 4257 712 4313 omnino
731 4261 761 4313 in
780 4260 878 4329 elegiis
898 4261 983 4316 tertia
1001 4263 1030 4316 et
1047 4261 1146 4330 quinta
1164 4277 1181 4316 a
1198 4261 1283 4330 poeta
1301 4260 1349 4314 ha-

200 4344 262 4398 beri
285 4345 435 4413 rationem,
464 4345 550 4401 immo
569 4346 759 4416 pulcherrima
783 4363 910 4416 quaeque
933 4349 1082 4406 defutura
1104 4367 1168 4404 cum
1186 4347 1268 4402 Delia
1289 4347 1350 4403 nita

200 4433 314 4502 sperari.
353 4436 402 4488 sed
421 4437 490 4490 haec
509 4436 621 4505 aliaque
640 4435 766 4506 pluribus
785 4435 908 4491 refutare
926 4454 983 4493 non
1001 4437 1075 4491 tanti
1094 4442 1144 4492 cst.

254 4533 388 4574 winnocus,
1081 4525 1137 4579 b**
