3316 5114
708 319 852 373 TIBULLI
871 319 937 374 LIB.
957 319 978 373 I.
998 323 1022 374 3.

423 485 468 550 m
491 486 644 551 miserum
668 488 779 548 sancto
803 481 938 547 tundere
961 489 1055 569 poste
1080 488 1184 569 caput.

379 591 425 656 At
446 595 496 676 tu,
515 592 569 676 qui
592 592 697 656 laetus
721 590 805 656 rides
828 592 916 656 mala
937 595 1066 678 nostra,
1089 593 1218 658 caueto:

308 718 342 765 90
423 699 500 764 Mox
522 697 582 762 tibi
606 720 671 763 non
694 697 783 762 mitis
808 699 931 764 saeuiet
952 721 1054 786 usquc
1078 699 1166 767 deus.

379 806 457 871 Uidi
481 825 554 889 ego,
578 805 633 888 qui
656 804 809 870 iuuenum
833 805 968 871 miseros
991 806 1125 873 lusisset
1147 831 1282 893 amores,

424 913 503 977 Post
525 910 661 976 Ueneris
685 911 801 976 uinclis
826 913 961 977 subdere
985 913 1069 979 colla
1093 937 1202 981 senem

379 1019 424 1084 Et
448 1019 511 1083 sibi
533 1017 710 1083 blanditias
734 1020 874 1084 tremula
899 1041 1090 1103 componere
1114 1044 1192 1087 uoce

423 1125 642 1192 mineribus
667 1147 763 1190 canas
786 1126 907 1210 fingere
931 1127 1013 1190 uelle
1037 1149 1159 1213 comas3

311 1252 345 1301 95
383 1234 475 1300 Stare
499 1255 557 1298 nec
582 1237 656 1298 ante
679 1233 765 1298 fores
789 1233 905 1317 puduit
928 1256 1062 1300 oaraeue
1085 1236 1211 1320 puellae

425 1339 586 1405 Ancillam
610 1340 715 1405 medio
739 1339 913 1406 detinuisse
936 1341 1017 1407 fore.

379 1449 475 1513 Hunc
497 1470 589 1533 puer,
613 1446 700 1510 hunc
722 1447 848 1510 iuuenis
871 1449 968 1512 turba
992 1449 1189 1515 circumterit
1213 1453 1292 1533 arta,

349 1593 359 1613 .
424 1554 561 1639 Despuit
583 1554 618 1618 in
640 1553 755 1618 melles
780 1556 813 1617 et
836 1554 899 1619 sibi
922 1557 1057 1640 quisquc
1082 1556 1180 1620 sinus.

379 1661 425 1726 Ac
441 1662 528 1755 *mihi
551 1682 660 1745 parce,
683 1659 805 1725 Uenus:
832 1683 959 1745 semper
981 1662 1042 1727 tibi
1067 1663 1175 1728 debita
1199 1665 1300 1728 seruit

293 1787 343 1833 100
424 1767 516 1832 Mens
539 1789 624 1832 mea:
649 1767 726 1853 quid
748 1789 870 1833 messes
894 1770 961 1834 uris
986 1770 1102 1834 acerbe
1124 1769 1221 1834 tuas?

828 2199 891 2270 III.

380 2339 475 2403 Ibitis
498 2337 646 2424 Aegaeas
671 2339 741 2404 sine
765 2363 829 2423 me,
852 2338 1007 2424 Messala,
1029 2363 1087 2424 per
1110 2341 1221 2426 undas,

425 2445 451 2510 0
476 2445 602 2509 utinam
626 2468 785 2511 memores
807 2447 879 2530 ipse
902 2445 1081 2530 cohorsque
1105 2448 1181 2512 mei:

379 2551 431 2616 Me
454 2556 551 2617 tenet.
567 2553 689 2637 ignotis
714 2575 847 2638 aegrum
870 2553 1031 2618 Phaeacia
1053 2555 1163 2637 terris3
1245 2598 1247 2602 -

426 2657 604 2723 Abstineas
629 2659 755 2743 auidas,
777 2659 867 2724 Mors
891 2659 987 2726 modo
1010 2647 1126 2747 nigra,¹
1142 2683 1268 2727 manus.

327 2780 342 2829 5
379 2763 568 2849 Abstineas
592 2763 680 2831 Mors
705 2771 791 2850 atra,
813 2789 940 2851 precor:
963 2788 1031 2833 non
1052 2768 1106 2832 hic
1129 2768 1208 2833 mihi
1232 2772 1344 2849 mater,

425 2870 513 2946 Quae
536 2872 683 2958 legatia
705 2877 847 2938 maestos
871 2896 945 2938 ossa
967 2878 1100 2957 perusta
1124 2872 1223 2958 sinus}

379 2979 456 3045 Non
479 3001 583 3063 soror,
606 2978 758 3065 Assyrios
783 2981 883 3045 cineri
907 3004 988 3065 quae
1012 2982 1108 3046 dedat
1132 2983 1245 3048 odores

424 3086 469 3151 Et
490 3087 568 3152 fleat
591 3087 703 3151 effusis
727 3093 802 3152 ante
826 3089 973 3172 sepulcre
997 3089 1107 3172 comis,
1153 3085 1157 3090 ’

381 3192 476 3258 Delia
498 3215 564 3258 non
587 3215 736 3277 usquam;
761 3215 842 3277 quac
861 3216 912 3257 me
937 3215 1009 3258 cum
1033 3194 1177 3259 mitteret
1200 3195 1290 3278 urbe,

363 3405 431 3460 Vns.
450 3425 523 3461 9999.
561 3409 665 3459 89-98
684 3405 746 3460 hub.
767 3406 835 3462 Pur.
850 3406 907 3474 1189
928 3403 981 3470 Qui
999 3405 1117 3460 nimium
1136 3406 1208 3461 letus
1229 3407 1434 3476 Ρ99.11099990

291 3511 356 3548 mox
374 3492 440 3548 tibi:
460 3510 515 3548 non
533 3494 614 3547 malti
631 3493 831 3564 iuicrpuayuut
849 3496 858 3564 11
877 3500 911 3548 90
935 3511 990 3548 non
1008 3494 1085 3549 mitis
1104 3496 1215 3563 scripsi:
1240 3511 1297 3550 non
1321 3513 1392 3550 unus
1416 3500 1434 3547 0

293 3584 321 3638 et
342 3583 430 3636 iratus
455 3582 522 3636 Par.
546 3597 602 3635 non
627 3599 716 3636 uanus
740 3599 757 3641 ς
779 3601 837 3638 non
859 3583 907 3638 uni
936 3584 1008 3638 Itali
1033 3599 1090 3636 non
1117 3599 1222 3636 uacuus
1250 3583 1409 3637 Haecblcius
1427 3583 1435 3654 11

292 3680 324 3727 91
340 3672 481 3739 iuuenum,
495 3688 514 3725 u
528 3675 586 3726 tert.
602 3687 635 3724 cx
648 3674 791 3726 0099199
807 3674 811 3742 1
827 3673 940 3726 lusisset
954 3676 985 3725 0:
1001 3671 1181 3740 dampnasset
1197 3672 1274 3741 Par,
1289 3671 1337 3727 abi
1351 3670 1447 3726 etmi-

292 3779 366 3817 seros
383 3761 517 3840 iuuenum
530 3761 539 3830 11
553 3767 586 3814 92
606 3761 723 3816 suddere
737 3765 760 3812 V
773 3761 783 3829 11
797 3767 831 3815 96
850 3759 936 3814 detin.
956 3777 988 3814 cuc
1006 3760 1097 3814 deten.
1118 3776 1187 3816 corr.
1206 3764 1229 3811 V
1241 3763 1251 3830 11
1265 3766 1299 3815 97
1319 3761 1434 3816 circum-

291 3851 359 3906 terit
378 3856 409 3904 0:
430 3849 613 3904 circumdedit
633 3851 700 3906 Par.
721 3847 905 3904 circumstetit
922 3849 945 3900 V
964 3849 995 3902 ta
1013 3864 1065 3916 cup.
1083 3865 1117 3902 m.
1138 3854 1163 3916 2,
1183 3864 1212 3916 ς;
1232 3848 1437 3919 circumstrepit

230 4007 236 4014 .
293 3941 414 4010 Scaliger
430 3943 435 4010 1
451 3942 528 3994 arcta
548 3945 566 3992 0
588 3941 726 4008 19991199
746 3937 842 3993 debita
860 3941 921 3992 GV:
941 3935 1036 3992 dedita
1054 3941 1077 3988 Δ

362 4029 411 4084 ΙΙΙ.
447 4029 492 4082 Ad
510 4029 660 4083 Messalam
679 4025 772 4097 elegia
790 4027 875 4082 tertia
893 4031 915 4078 9
933 4043 967 4081 m.
986 4043 1039 4080 rec.
1057 4027 1088 4080 a'n
1107 4032 1122 4080 2
1143 4027 1362 4083 lentescendo.
1392 4027 1437 4081 Ad

292 4118 442 4174 Messalam
462 4118 641 4186 conqueritur
660 4117 736 4186 quod
755 4115 830 4185 apud
848 4115 941 4170 feacas
961 4115 1090 4186 [plicatas
1110 4117 1143 4184 V]
1163 4117 1274 4186 egrotet
1298 4117 1357 4187 [ogi
1375 4117 1437 4171 utet

293 4191 923 4280 Δ].’199(199999990991)9199999.99101999]
948 4205 1060 4260 demum
1085 4221 1113 4259 99
1137 4205 1294 4259 ducendum
1319 4205 1355 4260 ad
1379 4207 1436 4276 ely·
1502 4235 1506 4242 ·

292 4297 347 4352 sios
367 4297 456 4367 [elyos
475 4297 508 4364 V]
529 4311 641 4364 campos
660 4293 709 4348 ait.
732 4293 854 4350 Rubriae
874 4295 947 4367 [1109
969 4296 1002 4364 Δ]
1026 4296 1137 4363 99114
1161 4310 1235 4348 mors
1253 4295 1337 4350 modo
1356 4295 1438 4366 nigra

294 4393 325 4442 0:
344 4403 419 4441 mors
438 4400 536 4455 precor
555 4385 617 4439 atra
635 4397 675 4449 ες
689 4384 698 4452 11
712 4390 727 4438 ’1
748 4384 859 4440 assirios
878 4389 928 4438 AV
941 4387 950 4454 11
965 4391 980 4439 9
995 4401 1144 4452 quaecum
1159 4401 1202 4439 me
1217 4388 1251 4454 G,
1266 4400 1334 4439 corr.
1350 4383 1437 4454 9199919

293 4477 427 4546 adpositis
444 4492 464 4541 ς
479 4476 483 4543 1
500 4474 574 4542 cum]
598 4490 682 4542 quarn
700 4473 799 4527 Doara
