3294 5118
314 313 357 376 34
730 316 873 371 TIBULLI
889 316 913 370 L
929 319 958 373 Β.
978 319 998 372 1.
1020 325 1060 372 10.

329 492 363 540 25
401 477 446 541 At
468 477 706 584 nobisaerata‚
729 478 837 564 Lares,
862 480 1012 563 depellite
1035 481 1109 564 tela,

613 630 630 668 =t
846 589 864 626 *
1080 631 1097 670 a

443 684 624 778 Hostiaque
648 715 665 756 e
688 694 786 777 plena
809 694 948 777 mystica
970 715 1087 777 porcus
1110 693 1201 758 hara.

399 798 492 864 Hanc
515 822 597 883 pura
619 823 690 866 curn
715 804 804 864 ueste
828 822 944 884 sequar
961 805 1130 885 myrtoque
1154 803 1296 868 canistra
1393 887 1397 894 ἡ

443 905 563 971 Uinota
586 927 706 992 geram,
729 911 838 991 myrto
857 907 987 972 uinctus
1011 907 1136 990 etipse
1160 912 1265 992 caput.

400 1011 452 1077 Sic
475 1013 621 1096 placeam
645 1015 754 1079 uobis:
779 1014 860 1079 alius
885 1016 928 1079 sit
951 1013 1046 1078 fortis
1070 1015 1105 1078 in
1129 1015 1237 1099 armis,

327 1135 362 1182 30
445 1119 576 1184 Sternat
598 1124 632 1183 et
655 1120 807 1186 aduersos
831 1120 936 1184 Marte
959 1120 1089 1184 fauente
1114 1119 1219 1205 duces7

398 1224 445 1289 Ut
467 1226 548 1291 mihi
571 1229 699 1310 potanti
722 1228 827 1312 possit
851 1250 910 1292 sua
933 1227 1037 1292 dicere
1061 1227 1148 1292 facta

444 1332 538 1397 Miles
563 1337 595 1398 et
618 1335 652 1400 in
675 1357 787 1400 mensa
810 1335 943 1420 pingere
968 1337 1076 1400 castra
1099 1357 1196 1400 mero.

399 1439 479 1517 Quis
502 1441 594 1506 furor
617 1445 666 1506 est
690 1446 794 1506 atram
817 1442 911 1506 bellis
937 1463 1097 1506 arcessere
1121 1442 1279 1507 mortem?

440 1547 592 1613 Imminet
615 1551 648 1612 et
670 1550 771 1614 tacito
795 1549 879 1614 clam
901 1549 993 1612 uenit
1015 1548 1071 1612 illa
1094 1548 1185 1631 pede.

325 1669 360 1718 35
396 1653 472 1720 Non
496 1676 587 1740 seges
613 1660 662 1720 est
680 1655 775 1740 infra,
796 1678 863 1720 non
885 1657 980 1719 uinea
1003 1655 1099 1739 culta,
1123 1656 1179 1720 sed
1202 1659 1295 1722 atrox

442 1760 598 1827 Cerberus
622 1765 655 1826 et
678 1761 813 1847 Stygiae
836 1763 949 1826 nauita
971 1763 1076 1845 turpis
1100 1783 1221 1847 aquae3

396 1867 469 1933 Illic
491 1868 714 1954 percussisque
739 1869 830 1954 genis
854 1870 991 1951 ustoque
1015 1865 1150 1951 capillo

440 1975 539 2040 Errat
562 1975 602 2039 ad
626 1976 781 2040 obscuros
804 1975 925 2058 pallida
948 1975 1045 2040 turba
1067 1974 1166 2039 lacus.

396 2083 500 2160 Quam
523 2083 632 2166 potius
655 2081 833 2147 laudandus
856 2083 910 2146 hic
934 2084 992 2164 est,
1016 2104 1110 2166 quem
1133 2083 1224 2166 prole
1248 2085 1363 2167 parata

324 2207 359 2255 40
442 2189 587 2274 Occupat
609 2190 644 2254 in
660 2195 769 2274 'parua
792 2190 887 2275 pigra
911 2191 1041 2253 senecta
1059 2191 1153 2287 'sasai

395 2298 469 2382 lpse
493 2320 568 2362 suas
593 2300 735 2362 sectatur
758 2319 835 2362 oues
860 2319 898 2361 ac
920 2297 1006 2384 filius
1030 2317 1142 2381 agnos,

439 2403 484 2468 Et
508 2404 645 2469 calidam
668 2404 754 2469 fesso
779 2406 948 2488 comparat
969 2427 1052 2468 uxor
1075 2425 1202 2489 aquam.

396 2509 450 2576 Sic
474 2533 534 2597 ego
559 2511 630 2595 sim,
653 2510 813 2595 liceatque
838 2512 935 2602 caput
958 2509 1148 2575 candescere
1172 2510 1273 2594 canis,

441 2617 609 2700 Temporis
633 2619 665 2680 et
688 2617 786 2699 prisci
810 2616 897 2680 facta
919 2615 1038 2680 referre
1062 2638 1179 2681 senem.

324 2740 358 2788 45
395 2724 524 2790 Interea
546 2722 613 2789 Pax
637 2745 715 2787 arua
728 2722 834 2821 colat.
870 2722 939 2787 Pax
963 2723 1098 2815 candida
1120 2725 1261 2807 primum

238 2917 241 2924 ·
342 2885 345 2892 ’
376 2900 444 2954 Vsa.
472 2921 546 2955 uror.
592 2901 672 2954 uallo
698 2900 770 2954 iuter
802 2905 836 2952 25
864 2904 889 2953 el
916 2905 950 2952 26
979 2899 1010 2952 iu
1037 2904 1055 2950 0
1084 2901 1201 2964 lucanas,¹
1228 2919 1247 2966 g
1273 2901 1352 2970 siquo
1378 2903 1450 2956 inter

305 2993 449 3058 utrumque
466 2991 540 3056 facto
559 2990 606 3042 hos
624 2989 656 3042 iu
669 2989 793 3058 carpine
811 2988 943 3055 inferiore
960 2988 1108 3056 adscrapsit
1126 3003 1236 3043 uersus:

519 3114 581 3168 Neu
598 3115 679 3183 petat
697 3112 795 3168 hostili
813 3112 900 3166 missa
918 3111 1021 3181 sagitta
1039 3128 1124 3165 manu

464 3257 527 3310 Neu
545 3255 640 3326 gladic
660 3255 734 3309 celer
751 3254 839 3309 instet
856 3269 949 3322 eques.
968 3253 1056 3322 prosit
1063 3202 1123 3325 &dt
1140 3254 1194 3309 aris

520 3345 635 3419 Quqque
653 3343 708 3398 tuli
726 3343 844 3413 supplex
862 3359 979 3397 munera
997 3361 1107 3416 queque
1126 3345 1223 3400 feram.

466 3435 557 3490 Thure
576 3435 624 3505 pio
644 3435 808 3502 calcantque
826 3431 883 3487 foci
901 3431 1067 3502 pinguisque
1086 3434 1215 3488 trahatur

303 3577 370 3628 quos
388 3577 484 3615 uersus
502 3579 521 3615 c
541 3562 669 3616 Pcutuuc
683 3559 836 3614 interiectos
849 3574 903 3612 esse
917 3559 1040 3626 affirmat
1055 3558 1183 3612 Paccius.
1211 3559 1257 3613 ille
1271 3560 1358 3628 icitur
1371 3561 1448 3616 hiare

305 3651 392 3704 locum
401 3652 499 3720 optime
508 3651 641 3705 iutellacit
648 3649 657 3721 ll
664 3656 698 3704 26
706 3647 861 3715 Hostiaque
869 3662 884 3701 e
893 3651 925 3700 0:
936 3645 1036 3700 Hostia
1046 3646 1080 3700 de
1090 3646 1216 3712 gHostia
1225 3647 1279 3703 erit
1288 3663 1305 3706 ς
1315 3649 1318 3720 Ι
1328 3649 1448 3719 mystica

305 3745 339 3792 G:
358 3740 462 3794 rustica
479 3743 566 3806 AVg3
584 3739 648 3804 fort.
668 3739 778 3807 myrtea
797 3737 855 3790 coll.
870 3735 959 3804 appu.
975 3740 1000 3800 4,
1015 3740 1048 3788 28
1062 3737 1072 3804 ΙΙ
1085 3741 1119 3790 27
1134 3736 1274 3806 mittoque
1292 3742 1354 3792 AV:
1374 3757 1449 3808 myr-

303 3829 395 3896 tisque
415 3830 456 3895 (31
473 3827 585 3881 sinistro
605 3829 649 3895 (m.
669 3832 684 3880 2
704 3842 755 3895 rap.
776 3823 909 3890 canistra)
928 3827 951 3874 V
964 3824 974 3892 ΙΙ
987 3828 1021 3876 27
1041 3823 1122 3878 Hunc
1142 3827 1236 3896 Itulill
1251 3833 1285 3881 28
1299 3827 1383 3882 mitto
1398 3833 1448 3880 AV

303 3916 312 3987 ll
331 3923 366 3970 30
384 3916 515 3971 aduersos
529 3919 550 3967 G
565 3917 601 3983 (et
613 3919 636 3966 V
650 3932 683 3970 m.
700 3917 740 3984 2):
756 3914 873 3968 aduerso
887 3916 933 3964 AV
946 3913 955 3981 ΙΙ
969 3917 1076 3966 33-50
1088 3914 1187 3968 tabeat
1202 3917 1270 3970 Pur.
1285 3917 1294 3986 ΙΙ
1309 3923 1342 3970 33
1358 3933 1448 3971 arces·

303 4022 363 4060 sere
374 4009 396 4057 d
407 4006 489 4060 Pau:
504 4021 645 4060 accersere
655 4008 702 4056 AV
711 4004 767 4072 (sed
775 4003 807 4056 iu
816 4003 864 4056 hcc
873 4017 924 4070 cap.
935 4006 996 4054 m.2
1011 4003 1161 4072 arcessere)
1174 4002 1184 4075 ll
1198 4009 1232 4058 35
1247 4007 1328 4060 atrox
1336 4007 1447 4074 scripsi:

304 4095 396 4150 audax
415 4099 434 4148 0
450 4094 517 4148 Por.
532 4096 542 4163 ll
556 4100 590 4148 36
610 4091 733 4162 stigi(a)e
751 4095 803 4143 AV
823 4090 891 4145 Por.
908 4092 912 4158 Ι
928 4088 1018 4158 turpis
1037 4103 1066 4146 s:
1085 4091 1188 4161 puppis
1204 4096 1223 4145 0
1239 4095 1307 4148 Pur.
1323 4093 1416 4164 (pupi
1430 4112 1447 4160 p

303 4184 424 4254 pauppis
433 4185 460 4254 n)
474 4184 484 4252 ll
497 4188 530 4236 37
541 4181 734 4252 percussisque
745 4186 777 4234 0:
787 4178 985 4249 perscissisque
997 4179 1064 4234 Pur.
1075 4183 1266 4251 perculsisque
1277 4182 1447 4250 §caesisque

303 4274 437 4328 Heinsius
451 4271 626 4343 pertusisqne
640 4271 785 4324 Mciueius
798 4270 807 4338 ΙΙ
821 4275 855 4322 39
875 4267 966 4333 Quam
985 4270 1006 4318 d
1025 4268 1060 4336 (et
1073 4273 1096 4320 V
1109 4287 1144 4327 m.
1160 4275 1201 4340 2):
1220 4270 1293 4336 Quin
1307 4275 1358 4322 AV
1371 4289 1405 4324 m.
1423 4277 1446 4325 1.

305 4362 309 4435 l
326 4363 373 4417 hic
387 4364 464 4417 esto
481 4362 562 4417 Pau:
582 4361 612 4416 et
625 4363 668 4414 est
685 4364 778 4413 Vasa
795 4359 824 4412 et
835 4357 881 4412 hic
897 4371 913 4414 ς
926 4359 936 4426 ΙΙ
949 4361 984 4410 40
1000 4355 1111 4412 Occulit
1127 4359 1195 4413 Par.
1209 4362 1219 4429 ΙΙ
1232 4364 1266 4413 41
1282 4376 1316 4413 ac
1334 4361 1445 4428 scripsi:

303 4453 334 4508 at
356 4457 379 4503 A
405 4450 472 4505 Por.
496 4451 528 4504 ut
546 4454 569 4501 V
587 4452 636 4504 aut
655 4455 676 4501 3
693 4451 703 4518 ΙΙ
722 4456 755 4502 43
779 4446 944 4502 candescere
967 4448 1018 4496 AV
1042 4445 1111 4500 Pur.
1135 4466 1167 4513 g:
1191 4454 1375 4514 can{esoere
1398 4449 1446 4519 oq
1554 4507 1564 4526 ,
