3294 5118
660 336 830 393 LYGDAMI
847 335 902 390 EL.
922 343 946 391 6.

362 500 1072 585 Qstmmmfimmmmfflmbmt

318 608 437 684 Quales
459 610 510 674 his
534 632 655 693 poenas
679 609 784 694 qualis
809 612 1013 693 quantusque
1037 606 1188 685 minetur,

362 715 520 781 Cadmeae
544 716 657 780 matris
681 716 801 799 praeda
825 718 958 780 cruenta
982 713 1083 778 docet.

152 900 155 905 Ι
245 839 278 887 25
317 821 380 888 Sed
402 823 515 907 procul
540 823 672 887 anobis
695 823 749 887 hic
773 822 817 886 sit
839 821 948 904 timor,
970 819 1099 902 illaque,
1123 819 1224 904 siqua,

361 930 443 1007 Quid
466 930 577 993 ualeat
599 928 679 994 laesi
703 929 823 993 sentiat
845 929 894 992 ira
918 926 977 992 dei.

315 1037 399 1115 Quid
422 1058 546 1121 precor,
570 1059 588 1100 a
612 1035 765 1100 demens?
789 1035 879 1100 uenti
898 1033 1071 1100 temeraria
1095 1036 1182 1118 uota,

359 1143 475 1208 Aeriac
500 1146 533 1207 et
555 1144 657 1207 nubes
681 1131 864 1226 diripienda
886 1141 1002 1206 ferant.

316 1251 470 1328 Quamuis
494 1252 586 1316 nulla
608 1251 672 1316 mei
696 1256 844 1336 superest
866 1251 926 1314 tibi
949 1271 1037 1334 cura,
1059 1244 1194 1332 Neaera,

244 1377 277 1424 30
360 1356 411 1423 Sis
434 1359 520 1441 felix,
545 1362 577 1422 et
600 1359 667 1422 sint
690 1358 826 1424 candida
848 1357 917 1422 fata
940 1360 1006 1423 tua.
1079 1345 1085 1354 N

314 1465 358 1530 At
380 1489 441 1531 nos
466 1487 596 1532 securae
619 1465 791 1538 reddamus
815 1470 964 1549 tempora
978 1485 1132 1528 mensae:

356 1572 458 1638 Uenit
480 1577 556 1659 post
579 1573 700 1640 multas
723 1595 789 1637 una
813 1593 926 1636 serena
949 1569 1026 1636 dies

310 1681 352 1744 Ei
374 1680 464 1765 mihi,
488 1679 618 1744 difficile
642 1682 693 1744 est
715 1680 836 1743 imitari
859 1679 977 1763 gaudia
999 1677 1093 1760 falsa,

355 1787 494 1851 Difficile
520 1791 569 1851 est
591 1787 679 1852 tristi
702 1789 825 1871 fingere
849 1789 956 1850 mente
979 1786 1095 1868 iocum,

239 1913 272 1960 35
311 1894 380 1959 Nec
403 1895 485 1959 bene
509 1894 657 1958 mendaci
681 1895 763 1958 risus
788 1893 992 1976 componitur
1015 1915 1081 1977 ore,

354 2001 423 2067 Nec
447 2003 528 2066 bene
553 2002 700 2067 sollicitis
725 2001 815 2066 ebria
838 2001 938 2064 uerba
962 2002 1088 2064 sonant.

309 2109 393 2185 Quid
418 2131 534 2194 queror
557 2109 692 2173 infelix?
714 2111 827 2191 turpes
852 2106 1007 2172 discedite
1032 2128 1139 2172 curae:

354 2215 432 2280 Odit
455 2216 601 2281 Lenaeus
624 2215 734 2280 tristia
757 2217 857 2280 uerba
879 2219 981 2299 pater.

308 2319 440 2405 Gnosia,
466 2319 610 2385 Theseae
635 2320 797 2406 quondam
820 2321 963 2404 periuria
985 2322 1139 2410 linguae

147 2493 149 2496 ,
237 2445 272 2494 4ο
352 2428 488 2493 Fleuisti
512 2430 625 2514 ignoto
651 2429 719 2494 sola
742 2430 857 2494 relicta
879 2430 980 2493 mari:

308 2533 360 2600 Sic
384 2535 501 2600 cecinit
523 2558 582 2620 pro
605 2540 637 2600 te
661 2537 785 2620 doctus,
808 2535 920 2616 Minoi,
940 2534 1088 2602 Catullus

349 2642 476 2727 Ingrati
499 2643 641 2710 referens
664 2643 766 2726 impia
788 2643 876 2708 facta
899 2643 971 2708 uiri.

308 2747 375 2812 Uos
400 2769 459 2833 ego
483 2771 570 2813 nunc
593 2771 724 2814 moneo:
749 2751 844 2834 felix,
868 2751 1058 2834 quicumque
1083 2750 1192 2814 dolore

353 2855 497 2919 Alterius
521 2855 624 2920 disces
648 2878 744 2939 posse
769 2879 882 2921 cauere
906 2861 1007 2921 tuom.

235 2979 268 3026 45
306 2959 375 3027 Nec
398 2985 457 3027 uos
482 2964 538 3027 aut
561 2962 693 3046 capiant
715 2963 889 3046 pendentia
912 2964 1046 3028 brachia
1069 2963 1152 3028 collo

285 3223 353 3281 Van.
373 3247 445 3281 naor.
476 3233 508 3280 23
525 3221 621 3291 Qualis
636 3229 677 3297 Gt
708 3228 799 3296 qualis
814 3231 990 3298 quantusque
1004 3235 1037 3284 F:
1057 3229 1125 3284 deus
1139 3230 1185 3284 hic
1201 3228 1360 3306 quantique
1461 3229 1462 3233 ’

214 3321 265 3368 AV
279 3334 312 3371 nc.
330 3323 344 3370 1
360 3316 493 3386 (·tuuq;);
512 3315 580 3369 deus
598 3317 644 3371 hic
663 3324 846 3392 quocirquefl
865 3325 889 3373 ct
902 3325 925 3371 V
938 3337 990 3388 uoq.
1005 3337 1039 3374 m.
1055 3323 1143 3388 21125
1159 3320 1239 3388 siqua
1251 3321 1363 3388 scripsi:

214 3404 294 3472 siqua
314 3408 357 3460 est
367 3410 389 3458 .0
411 3406 506 3478 Plora.
526 3406 600 3460 sicca
619 3408 749 3461 Muretus
762 3410 819 3477 ll2⁶
839 3408 943 3463 sentiat
957 3413 980 3460 A
996 3409 1105 3463 Plorat:
1125 3409 1227 3463 sentiet
1240 3414 1290 3461 GV
1303 3411 1313 3477 ΙΙ
1327 3415 1360 3464 27

214 3493 251 3548 ah
266 3497 284 3544 0
299 3496 308 3562 Ι]
322 3499 355 3547 32
370 3495 474 3550 multas
490 3496 632 3551 &Planta
647 3497 751 3552 multos
760 3503 783 3550 V
797 3515 831 3551 m.
842 3504 867 3552 2.
883 3504 997 3552 ceterum
1011 3499 1133 3552 maestas
1147 3498 1192 3551 uel
1205 3498 1294 3551 simile
1311 3499 1362 3551 alc'-

215 3583 283 3652 quid
296 3589 413 3650 capones
426 3585 509 3653 lpost
529 3589 562 3638 32
581 3602 685 3640 nouam
703 3589 857 3642 carmentae
871 3591 889 3638 0
908 3589 1008 3656 incipit
1021 3587 1073 3655 (De
1087 3603 1171 3641 neers
1186 3585 1363 3653 conqueritur

214 3676 237 3723 A
255 3671 296 3726 Dc
315 3671 407 3726 Neera
425 3691 478 3746 quq
498 3675 533 3729 de
551 3675 664 3729 Amasio
689 3677 868 3744 conqueritur
885 3682 908 3729 V
931 3675 1031 3746 Elegia
1054 3676 1107 3729 VII
1129 3680 1151 3751 G
1169 3693 1203 3730 m.
1223 3692 1274 3729 rec.
1295 3677 1326 3729 c'n
1345 3683 1360 3729 2

215 3762 265 3815 lut.
284 3762 414 3832 luterem:
431 3765 540 3832 primus
559 3765 688 3820 Muretus
707 3767 853 3821 coniunxit
871 3783 932 3821 cum
945 3767 1042 3834 priore
1055 3768 1064 3834 ll
1078 3771 1183 3819 33-36
1202 3765 1263 3820 hab.
1284 3765 1361 3820 Fris.

213 3855 238 3903 ct
254 3851 321 3907 Par.
335 3853 345 3922 l]
359 3859 392 3906 33
407 3851 460 3906 Hei
475 3851 545 3906 mihi
563 3871 582 3918 g
598 3854 708 3908 Plana:
727 3855 765 3909 Et
782 3855 854 3910 mihi
867 3856 944 3910 Fris.
965 3854 994 3908 Si
1012 3853 1083 3908 mihi
1103 3859 1121 3907 0
1141 3855 1198 3923 (scd
1212 3858 1234 3904 V
1253 3871 1287 3907 m.
1309 3855 1361 3921 11)
1429 3884 1435 3897 x

215 3939 278 3992 Heu
297 3957 381 4007 quam
403 3941 544 4009 13341434
562 3941 654 3996 locum
675 3943 751 3998 Fris.
770 3962 804 3998 m.
822 3952 850 4011 1,
872 3945 939 3999 Por.
959 3963 976 3995 n
994 3961 1029 3997 m.
1045 3950 1058 3996 1
1074 3945 1140 4012 1135,
1156 3947 1189 3996 36
1208 3941 1272 3996 Non
1291 3943 1362 3996 bene

214 4029 282 4083 Por.
297 4030 306 4097 ΙΙ
320 4035 353 4082 37
373 4046 474 4097 queror
492 4035 544 4083 AV
565 4031 672 4086 Plorat:
692 4032 792 4099 loquor
810 4034 855 4101 611
873 4039 907 4086 40
926 4033 998 4086 mari
1015 4048 1072 4086 noa
1096 4048 1244 4100 concoqac,·
1266 4032 1361 4086 saalim

212 4117 275 4172 loco
289 4119 298 4186 ΙΙ
312 4123 345 4170 41
366 4117 424 4188 Sic]
444 4119 498 4173 Sed
518 4133 547 4184 ςς
566 4121 631 4186 sort.
652 4119 693 4188 Si,
712 4127 743 4174 ot
761 4139 779 4176 c
797 4128 832 4176 43
852 4123 979 4190 epodoso's
998 4121 1117 4189 incipiat
1135 4124 1145 4188 11
1165 4127 1199 4174 43
1218 4138 1291 4175 nunc
1310 4126 1360 4173 AV

214 4208 323 4264 Plana:
344 4207 383 4263 sic
403 4213 424 4259 G
441 4212 444 4276 l
462 4207 529 4262 felix
547 4227 572 4277 q.
593 4210 619 4265 d.
639 4216 664 4264 ct
681 4216 716 4264 44
734 4212 795 4265 hob.
816 4211 892 4266 Fris.
913 4218 937 4266 et
958 4213 1025 4266 Par.
1040 4215 1050 4280 n
1064 4217 1099 4264 44
1114 4210 1203 4264 disces
1217 4214 1267 4261 AV
1282 4210 1359 4264 Fris.

213 4299 322 4354 Plorat:
351 4298 476 4352 discisfl
505 4297 605 4353 didicit
625 4300 692 4354 Par.
719 4302 722 4369 1
749 4316 848 4354 cauere
866 4302 944 4355 tuom
963 4302 1074 4369 scripsi:
1095 4315 1193 4353 cauere
1213 4302 1261 4352 tuo
1281 4299 1358 4353 Fris.

211 4405 310 4442 cauere
333 4390 398 4444 tuos
421 4390 460 4442 sio
482 4393 503 4440 F
527 4404 625 4442 cauere
652 4406 731 4442 suum
757 4389 825 4443 Par.
845 4406 940 4445 carere
963 4392 1012 4444 tuo
1036 4394 1055 4440 0
1079 4404 1179 4442 cauere
1206 4390 1286 4441 tuum
1315 4387 1359 4459 §ll

211 4482 254 4545 45,
274 4483 308 4531 46
326 4479 388 4533 hub.
410 4478 478 4534 Por.
498 4480 509 4548 ΙΙ
526 4483 560 4532 46
580 4477 622 4532 Nc
640 4494 691 4532 uos
711 4475 853 4546 decipiant
874 4478 942 4532 Par.
960 4475 1113 4546 {bracchia
1131 4480 1155 4528 A

1109 4570 1124 4617 5
1130 4565 1145 4596 ἓ
