3316 5114
623 353 769 408 TIBULLI
787 352 855 406 LIB.
875 353 896 406 1.
915 359 940 406 3.

237 539 268 587 10
349 521 478 586 Dicitur
502 523 576 584 ante
601 537 711 583 omnes
735 515 934 580 consuluisse
958 514 1043 579 deos.

304 627 366 694 Illa
390 649 498 692 sacras
521 624 613 708 pueri
638 625 742 688 sortes
766 625 816 686 ter
839 621 988 706 sustulit,
1008 621 1057 684 illi

349 734 490 798 Rettulit
513 755 530 796 e
553 730 648 795 trinis
672 729 781 794 omina
804 730 892 792 certa
914 750 1002 811 puer.

199 895 201 900 .
306 840 432 906 Cuncta
456 841 578 904 dabant
601 837 738 902 reditus:
761 840 872 900 tamen
894 838 944 898 est
968 834 1121 899 deterrita
1143 857 1311 918 nusquam,

353 947 437 1024 Quin
459 947 552 1010 fleret
574 947 702 1008 nostras
726 944 955 1026 respueretque
974 942 1054 1006 uias.

238 1071 269 1119 15
306 1053 381 1137 Ipse
405 1073 465 1137 ego
490 1051 620 1132 solator,
644 1070 717 1113 cum
739 1048 805 1114 iam
829 1048 983 1113 mandata
1006 1049 1177 1130 dedissem,

351 1161 551 1237 Quaerebam
575 1158 685 1223 tardas
710 1156 823 1240 aqxius
847 1179 946 1241 usque
970 1179 1087 1222 moras.

307 1267 374 1330 Aut
397 1287 457 1351 ego
482 1287 554 1330 sum
577 1268 727 1330 causatus
752 1287 829 1329 aues
853 1266 909 1329 aut
933 1264 1040 1329 omine
1064 1265 1134 1330 diro

350 1373 481 1438 Saturni
507 1396 633 1438 sacram
651 1394 702 1437 me
726 1372 870 1435 tenuisse
894 1372 987 1436 diem.

307 1479 333 1544 Ο
358 1481 506 1563 quotiens
530 1481 695 1564 ingressus
718 1478 780 1542 iter
803 1477 884 1541 mihi
907 1478 1015 1543 tristia
1039 1478 1103 1542 dixi

237 1603 271 1651 20
354 1584 521 1650 Offensum
544 1586 579 1650 in
601 1588 698 1668 porta
722 1585 816 1669 signa
840 1583 965 1648 dedisse
989 1585 1116 1669 pedem!

310 1692 436 1756 Audeat
459 1692 563 1756 inuito
587 1690 701 1774 nequis
726 1691 888 1755 discedere
912 1691 1041 1770 Amore,

352 1799 420 1864 Aut
444 1800 526 1864 sciat
549 1820 715 1884 egressum
740 1819 773 1862 se
796 1797 989 1881 prohibente
1013 1799 1085 1864 deo!

202 1965 206 1971 .
310 1906 393 1982 Quid
416 1911 472 1970 tua
495 1928 580 1970 nunc
598 1905 666 1969 'Isis
687 1904 783 1988 mihi,
807 1904 914 1988 Delia,
938 1905 1014 1988 quid
1038 1905 1118 1969 mihi
1140 1891 1279 1989 prosunt

350 2013 412 2077 Illa
434 2017 491 2078 tua
515 2013 736 2078 totiensaera
758 2011 891 2095 repulsa
915 1999 1035 2090 manus

236 2136 269 2184 25
308 2119 440 2205 Quidue,
463 2121 515 2204 pie
535 2119 610 2183 dum
634 2141 726 2184 sacra
749 2119 837 2202 colis,
860 2140 1002 2203 pureque
1025 2119 1130 2185 lauari

352 2227 398 2290 Te
422 2223 584 2312 (memini)
610 2229 642 2290 et
665 2247 747 2309 puro
771 2225 955 2290 secubuisse
978 2227 1075 2292 toro?

306 2333 409 2418 Nunc,
433 2335 501 2418 dea,
524 2355 610 2397 nune
634 2354 781 2398 succurre
804 2332 886 2397 mihi
909 2330 997 2417 (nam
1020 2357 1116 2418 posse
1141 2337 1261 2400 mederi
1301 2345 1303 2347 ’

351 2441 444 2506 Picta
468 2442 562 2505 docet
584 2439 716 2524 templis
740 2440 844 2504 multa
867 2439 990 2504 tabella
1014 2439 1106 2527 tuis),

308 2546 353 2612 Ut
375 2570 448 2612 mea
470 2547 598 2612 uotiuas
620 2547 809 2630 persoluens
834 2546 926 2611 Delia
949 2550 1061 2611 noctes

237 2671 270 2717 30
351 2653 437 2718 Ante
461 2676 569 2719 sacras
592 2655 660 2720 lino
684 2657 771 2720 tecta
793 2655 881 2720 fores
905 2654 1015 2719 sedeat

307 2761 427 2844 Bisque
451 2761 502 2824 die
525 2762 668 2826 resoluta
693 2783 802 2826 comas
825 2761 887 2825 tibi
911 2762 1016 2826 dicere
1038 2763 1149 2827 laudes

351 2867 494 2951 Insignis
518 2867 615 2930 turba
637 2867 754 2930 debeat
776 2867 812 2930 in
835 2867 962 2932 Pharia.

308 2973 354 3035 At
376 2972 456 3036 mihi
481 2973 650 3057 contingat
672 2973 796 3055 patrios
821 2975 981 3039 celebrare
1004 2976 1145 3042 Penates

352 3079 559 3163 Reddereque
583 3080 716 3163 antiquo
733 3083 906 3144 menstrua
927 3085 1001 3147 tura
1025 3083 1109 3148 Lari.

237 3201 270 3250 35
309 3185 412 3262 Quam
436 3185 516 3250 bene
542 3184 682 3251 Saturno
706 3186 863 3251 uiuebant
885 3208 961 3272 rege
984 3189 1074 3272 prius
1098 3213 1195 3274 quam

289 3397 356 3451 Vsa.
381 3377 459 3450 'anca
508 3403 538 3450 11
569 3396 701 3451 substulit
724 3401 774 3449 AV
805 3399 815 3467 11
844 3404 875 3452 12
903 3399 985 3454 trinis
1014 3401 1156 3454 Muretus:
1185 3401 1276 3456 triuiis
1308 3408 1326 3455 0
1357 3402 1360 3474 1

219 3489 325 3555 omnia,
355 3491 385 3540 ut
413 3485 485 3553 eia„
514 3490 537 3537 V
564 3487 573 3555 11
603 3493 635 3539 13
661 3505 798 3555 nusquam
823 3492 883 3542 GV:
913 3495 1036 3558 nuquam
1064 3495 1087 3543 Δ
1114 3493 1223 3545 nostras
1248 3510 1267 3558 g
1288 3492 1364 3545 haud

219 3575 273 3629 det.
300 3576 404 3630 frustra
435 3576 479 3629 est
506 3591 523 3633 ς
551 3576 560 3644 11
589 3582 622 3628 14
651 3575 724 3642 Quin
753 3577 862 3631 Aldina
894 3596 919 3634 a.
955 3583 1035 3632 1502:
1069 3578 1177 3632 sumo
1207 3582 1211 3648 1
1239 3581 1362 3650 nostras]

218 3665 326 3718 uestras
354 3681 373 3729 ς
401 3666 405 3732 1
434 3665 632 3734 respueretque
661 3680 689 3722 s:
717 3665 925 3734 respiceretque
954 3672 973 3719 0
1000 3669 1010 3737 Η
1039 3673 1071 3721 17
1095 3669 1145 3722 aut
1172 3682 1201 3724 s:
1228 3668 1296 3721 dant
1319 3668 1362 3738 01

220 3751 313 3804 omine
337 3752 396 3807 diro
418 3755 530 3822 scripsi:
559 3754 654 3808 omina
682 3754 787 3823 (omnia
809 3755 842 3823 V)
867 3754 929 3808 dira
952 3760 971 3807 0
994 3755 1061 3810 dare
1083 3756 1199 3810 numina
1222 3755 1297 3810 diras
1320 3757 1366 3830 ςΗ

222 3846 254 3894 18
274 3839 386 3894 Saturni
409 3859 516 3897 sacram
540 3848 572 3896 0:
597 3843 709 3897 Saturni
728 3844 778 3897 aut
796 3859 905 3897 sacram
924 3861 943 3909 g
963 3844 1111 3900 Saturnius
1131 3861 1240 3899 sacram
1256 3845 1364 3911 Broub-

219 3929 383 3999 1003004οΗ31
404 3930 503 3999 nequis
523 3941 552 3989 s:
572 3949 626 3987 neu
645 3933 706 4003 quis
726 3934 769 4002 011
783 3938 816 3986 23
835 3930 892 4001 ysis
912 3935 962 3984 AV
984 3933 994 4001 11
1016 3937 1050 3986 25
1069 3933 1136 3986 dum
1156 3939 1189 3987 G:
1213 3933 1296 3988 deum
1314 3938 1365 3986 AV

219 4019 261 4088 (ia
287 4019 337 4074 boc
364 4036 397 4074 m.
429 4026 445 4074 2
473 4037 524 4090 mq.
553 4023 633 4090 corr.)
661 4022 670 4091 Η
696 4027 729 4076 36
762 4022 852 4090 inepte
883 4021 942 4075 Tib.
975 4022 1086 4076 Deliam
1112 4039 1184 4091 pure
1216 4025 1312 4079 lauari
1338 4041 1365 4078 se

218 4107 369 4164 masinissa
391 4109 472 4174 dicit,
500 4114 530 4162 at
557 4111 707 4164 secubuisse
730 4127 788 4164 eam
812 4112 907 4179 potuit
934 4127 994 4164 cum
1022 4112 1113 4165 dolore
1135 4113 1253 4181 quodam
1275 4114 1364 4167 memi-

218 4197 298 4252 nisse.
318 4197 384 4251 olim
398 4198 500 4252 conieci
517 4197 555 4252 Et
572 4215 642 4268 puro
662 4198 797 4269 (memini)
812 4216 865 4256 sec.
881 4202 901 4254 t.
921 4201 1005 4269 (quod
1018 4202 1161 4270 praecepit
1174 4202 1364 4271 Damnatus),

219 4302 293 4339 auae
311 4287 418 4342 malim:
439 4289 487 4357 Te,
505 4287 620 4357 puroet
638 4286 775 4356 (memini)
790 4305 843 4342 sec.
858 4290 877 4342 t.
896 4290 899 4356 1
915 4289 997 4343 thoro
1016 4294 1066 4342 AV
1079 4291 1089 4359 11
1102 4295 1136 4344 29
1151 4289 1190 4344 Ut
1207 4293 1270 4344 AV:
1292 4291 1329 4346 Et
1343 4297 1364 4344 0

221 4409 223 4480 1
244 4378 427 4480 persolutis
442 4413 446 4480 Ι
463 4414 557 4466 noctes
577 4411 713 4480 Scdliper:
732 4427 815 4464 uoces
835 4413 877 4480 011
891 4418 925 4466 30
944 4414 977 4468 A.
997 4413 1070 4468 fores
1088 4415 1107 4470 l.
1126 4417 1146 4468 t.
1167 4430 1260 4467 sacras
1279 4433 1299 4468 s.
1320 4420 1364 4484 01

219 4498 227 4570 11
246 4506 279 4554 32
298 4502 392 4570 turba]
412 4500 508 4556 tunica
527 4502 567 4571 ςΗ
581 4507 615 4555 33
630 4505 701 4570 puto
721 4499 843 4555 celerare
860 4502 871 4570 11
889 4508 924 4556 34
942 4502 1027 4557 thura
1046 4505 1139 4572 01130
1163 4502 1324 4574 priusquam
1345 4510 1363 4557 0
