3316 5114
664 337 948 393 PROLEGOMEINA.
1315 336 1385 391 XIII

237 523 297 586 que
329 500 481 585 florilegii
513 501 709 583 exemplaria
741 522 799 585 per
828 500 1043 564 bibliothecas
1077 500 1216 563 maxime
1247 499 1381 584 gallicas

236 630 350 692 sparsa
377 629 397 670 a
419 606 591 691 Meynekio
621 609 731 670 essent
758 604 918 688 adhibita3
951 603 1073 670 scilieet
1101 626 1140 667 ex
1161 604 1277 668 horum
1306 626 1380 669 con·

235 736 332 778 sensu
359 714 555 797 florilegium
582 712 661 778 illud
687 712 924 777 restituendum
952 715 1022 775 erat
1047 711 1113 775 tale
1142 711 1236 794 quale
1265 732 1381 774 exex-

235 820 391 903 ccrptoris
425 841 523 883 manu
550 818 679 903 prodiit.
729 841 807 883 nam
838 818 957 882 mirum
986 821 1037 882 est
1066 819 1146 903 quot
1175 816 1381 880 librariorum

234 925 325 988 uitiis
354 925 544 1010 apographa
570 913 719 990 Parisino
747 927 901 990 scateant.
947 923 1003 989 sed
1031 947 1103 989 cum
1126 922 1291 1008 Meynckii
1319 924 1381 988 dis·

237 1032 371 1095 sertatio
390 1031 462 1115 ipsa
479 1031 574 1095 facile
593 1032 698 1116 possit
715 1032 841 1116 inspici,
863 1053 924 1096 nos
942 1031 1077 1096 abiectis
1095 1030 1223 1095 friuolis
1246 1029 1382 1094 nullius-

236 1159 297 1222 que
319 1138 416 1221 pretii
441 1137 590 1205 sordibus
613 1141 744 1202 tantum
767 1138 911 1222 potiores
934 1136 1090 1201 lectiones
1114 1137 1149 1201 in
1171 1135 1382 1202 adnotatione

235 1244 348 1309 critica
372 1243 550 1310 attulimus.

324 1351 417 1427 Quod
446 1350 487 1415 ad
512 1353 734 1435 excerptorum
761 1371 844 1435 quae
866 1371 983 1415 uocare
1011 1350 1237 1416 consueuimus
1261 1348 1382 1414 Parisi-
1493 1342 1495 1346 ’

237 1479 353 1521 norum
377 1459 444 1522 siue
468 1459 575 1541 potius
599 1456 640 1520 ad
660 1457 810 1542 florilegii
834 1456 945 1542 gallici
968 1457 1086 1522 attinet
1108 1457 1262 1540 pretium,
1285 1454 1382 1520 dubia

238 1563 343 1628 adhuc
366 1567 399 1628 et
422 1564 575 1648 ambigua
598 1586 649 1629 res
672 1566 750 1630 erat.
788 1586 914 1629 summa
937 1564 1056 1650 quippe
1079 1585 1152 1628 cum
1175 1562 1307 1627 licentia
1331 1584 1383 1626 cx-

237 1674 417 1755 cerptorem
436 1671 586 1755 plurimis
606 1671 805 1756 processisse
824 1670 904 1738 locis
923 1672 1009 1737 ultro
1028 1670 1189 1756 apparuit.
1220 1691 1296 1734 nam
1315 1689 1383 1732 non

235 1777 333 1842 modo
364 1777 459 1842 initia
490 1779 723 1844 sententiarum
756 1800 988 1863 saepenumero
1021 1779 1068 1843 eis
1101 1799 1183 1864 quae
1216 1775 1381 1841 dissolutis

236 1904 274 1947 ex
297 1884 436 1968 pristino
466 1906 588 1950 conexu
617 1887 683 1950 iam
710 1907 776 1950 non
804 1886 1040 1950 conueniebant
1061 1885 1201 1949 liberata
1226 1883 1383 1965 aliterque

234 1989 388 2076 formata,
422 1989 600 2055 sedetiam
629 1990 706 2070 alia¹
722 1992 825 2055 multa
847 1992 1096 2076 qualescumque
1124 1991 1166 2055 ob
1190 2011 1303 2054 causas
1328 2010 1381 2051 au-

237 2095 406 2161 dacissime
429 2097 464 2161 in
483 2119 603 2164 nouam
623 2097 763 2181 speciem
782 2099 1000 2163 transmutata
1024 2100 1109 2161 sunt.
1141 2118 1246 2180 neque
1268 2096 1303 2160 in
1319 2095 1382 2159 hoc

234 2224 299 2268 uno
323 2206 490 2289 excerptor
519 2227 628 2269 curam
653 2226 745 2269 suam
775 2203 921 2268 cohibuit
948 2206 985 2267 ut
1008 2204 1170 2268 sententia
1193 2203 1303 2287 aliqua
1325 2222 1383 2285 per

236 2332 269 2374 se
289 2313 393 2375 staret
411 2314 445 2374 et
462 2333 482 2374 a
495 2311 678 2396 legentibus
697 2310 792 2375 facile
806 2310 1058 2394 intellegeretur,
1077 2309 1132 2373 sed
1152 2309 1257 2374 scolae
1275 2308 1384 2392 etiam,

234 2416 324 2480 cuius
348 2417 422 2480 usui
446 2418 636 2500 opusculum
660 2438 754 2481 suum
777 2414 956 2479 destinasse
979 2414 1122 2499 uidetur,
1149 2413 1313 2481 consuluit
1334 2435 1383 2477 re-

235 2521 396 2586 mouendo
415 2543 453 2585 ea
473 2544 555 2606 quae
575 2523 644 2587 siue
663 2543 793 2587 asensu
812 2522 881 2587 siue
900 2521 966 2586 alia
985 2521 1023 2586 de
1043 2543 1141 2586 causa
1158 2520 1382 2606 displicebant.

235 2627 272 2689 ut
298 2648 364 2690 uno
393 2627 504 2692 saltim
533 2630 677 2714 exemplo
705 2628 763 2694 fiat
790 2627 999 2694 manifestum
1025 2627 1167 2692 bominis
1194 2627 1282 2692 illius
1308 2648 1383 2690 con-

235 2733 361 2798 silium:
398 2737 554 2802 acerrimo
585 2737 658 2803 odio
689 2739 876 2820 persecutus
908 2739 958 2800 est
987 2737 1265 2818 pentametrorum
1296 2732 1383 2797 clau-

235 2841 321 2904 sulas
345 2841 547 2926 trisyllabus,
570 2843 688 2907 timens
710 2841 898 2907 scilicetne
921 2840 1071 2925 discipuli
1093 2840 1205 2924 prauis
1228 2840 1383 2924 exemplis

234 2945 502 3027 perturbarentur
530 2951 763 3032 peccarentque
792 2951 906 3013 eontra
936 2969 1140 3013 communem
1170 2951 1248 3012 tunc
1276 2968 1383 3032 gram-

234 3051 430 3118 maticorum
452 3053 611 3138 regulam,
641 3076 705 3138 qua
727 3076 858 3120 uersum
882 3055 1041 3120 minorem
1063 3054 1127 3118 nisi
1150 3054 1311 3120 uocabulo
1335 3053 1382 3117 bi·

235 3157 360 3242 syllabo
383 3182 451 3225 non
474 3160 565 3226 licuit
585 3159 698 3226 claudi.
730 3161 876 3247 itaquel
897 3162 925 3247 1,
944 3161 988 3226 50
1011 3159 1079 3245 ‘qui
1098 3161 1198 3227 maris
1220 3163 1253 3226 et
1271 3161 1383 3224 tristes

234 3264 318 3330 ferre
341 3269 451 3350 potest
474 3265 615 3352 pluuias'
636 3270 807 3351 excerptor
829 3269 971 3332 mutauit
993 3269 1028 3332 in
1052 3267 1093 3352 ‘q
1112 3291 1153 3334 m.
1173 3289 1198 3332 e.
1222 3266 1303 3330 caeli
1326 3289 1382 3329 nu-

233 3372 302 3436 bila
324 3371 408 3438 ferre
430 3374 551 3460 potest'
575 3375 750 3460 itidemque
773 3375 790 3439 I
813 3375 843 3460 5,
862 3372 975 3462 623311
997 3377 1025 3459 l,
1049 3377 1084 3460 83
1108 3374 1141 3439 H
1164 3375 1194 3459 3,
1212 3375 1269 3458 403
1293 3373 1327 3438 Il
1351 3374 1381 3457 6,

234 3479 293 3544 20:
325 3478 365 3546 cf.
386 3480 562 3547 Protzenus
586 3483 607 3546 l.
630 3482 651 3546 l.
673 3503 705 3564 p.
727 3482 779 3546 48.
814 3519 851 3527 —
884 3503 1062 3564 quaecum
1085 3482 1133 3545 ita
1156 3479 1379 3564 sehaberent‚

234 3583 364 3650 difficile
384 3611 461 3654 sane
481 3592 514 3654 et
532 3588 667 3654 arduum
686 3591 757 3652 erat
775 3587 951 3652 diiudicare
970 3591 1079 3652 utrum
1097 3587 1203 3652 bonae
1222 3585 1378 3650 lectiones

234 3689 331 3773 (quae
349 3695 458 3760 tamen
476 3717 554 3780 prae
571 3717 747 3779 prauarum
770 3693 975 3758 multitudine
994 3679 1126 3758 omnino
1147 3697 1222 3758 sunt
1240 3692 1377 3780 paucae)

236 3794 276 3858 ad
299 3801 464 3864 uetustum
486 3802 646 3884 quendam
671 3804 703 3866 et
725 3800 850 3866 familia
871 3800 930 3866 AV
953 3802 1118 3866 meliorem
1144 3799 1286 3876 codicem
1309 3801 1377 3865 red-

234 3905 312 3967 eant
337 3925 379 3968 an
401 3926 440 3968 ex
458 3906 528 3972 solo
552 3909 749 3992 excerptoris
766 3909 919 3974 fluxerint
935 3909 1076 3995 ingenio.
1105 3909 1214 3993 itaque
1238 3908 1377 3974 editores

234 4031 302 4074 non
333 4016 522 4095 receperunt
553 4015 617 4078 nisi
646 4015 802 4081 lectiones
836 4016 925 4080 omni
954 4038 973 4080 a
1000 4018 1093 4101 parte
1126 4015 1378 4098 commendatas,

235 4116 290 4181 sed
317 4119 498 4184 reiecerunt
520 4120 675 4204 quidquid
702 4123 904 4208 integrorum
929 4122 1087 4188 librorum
1116 4122 1283 4208 scripturis
1312 4144 1378 4186 non

234 4227 327 4289 extra
354 4224 590 4292 dubitationem
617 4227 848 4312 praecellebat3
885 4228 924 4294 cf.
947 4228 983 4294 L.
1006 4228 1180 4293 Muellerus
1207 4228 1310 4311 praef.
1338 4228 1377 4291 ad

234 4328 307 4394 Tib.
329 4352 361 4414 p.
382 4330 430 4395 XI
452 4354 523 4418 sqq.

322 4437 383 4503 His
402 4440 450 4503 ita
468 4440 623 4525 expositis
642 4440 708 4506 iam
726 4440 891 4506 redeamus
911 4441 952 4524 ad
965 4441 998 4508 G.
1027 4443 1117 4508 cuius
1137 4464 1175 4507 ea
1194 4444 1243 4507 est
1260 4445 1378 4506 natura
