3316 5114
656 361 940 443 buccacanum.
1332 363 1371 417 rn

226 529 395 611 utramque
420 547 551 590 manum
574 524 655 589 uelis
679 523 906 608 discernere*).
955 524 1086 607 quinam
1113 529 1220 590 autem
1243 525 1294 589 uir
1317 525 1371 589 ille

224 633 338 698 doctus
365 633 463 697 fucrit
489 632 629 696 fortasse
658 633 728 694 tum
759 631 902 712 eruetur,
935 651 1008 694 cum
1035 630 1168 695 tandem
1198 631 1371 715 aliquando

226 738 272 824 (id
295 739 381 823 quod
405 719 614 802 iam'dudum
637 736 705 800 fieri
729 735 889 821 oportuit)
918 736 1086 801 doctorum
1109 736 1267 802 Italorum
1291 758 1372 802 saco.

225 845 288 910 XV
311 848 344 909 et
366 842 445 908 XVI
474 843 690 929 chirographa
718 843 854 908 collecta
881 845 913 906 ct
941 845 1009 907 arte
1037 842 1297 930 photographica
1323 865 1372 908 re-

225 954 433 1033 praesentata
471 949 615 1016 omnium
653 949 725 1013 usui
757 949 925 1032 patebunt.
979 949 1042 1014 hoc
1074 951 1160 1015 enim
1197 951 1233 1015 in
1265 950 1372 1016 codice

225 1059 337 1122 nostro
362 1056 402 1122 ad
425 1056 441 1119 I
465 1058 494 1139 7,
520 1057 559 1122 18
583 1056 719 1140 legitur:
749 1055 824 1138 Syri
846 1056 1016 1122 abstinebat
1037 1057 1153 1123 calibis
1175 1059 1256 1140 quaet
1276 1062 1374 1122 essent

224 1164 332 1227 amori
348 1165 483 1251 dedicate
500 1167 531 1227 et
544 1163 626 1244 qaod
636 1167 784 1246 patarcat
800 1163 991 1227 semiramim
1009 1163 1045 1228 iu
1058 1163 1228 1228 columbam
1241 1184 1371 1228 euersam.

224 1269 384 1335 Dicuntur
405 1255 440 1335 ‹b-
453 1270 589 1334 motasse
606 1290 622 1332 c
636 1269 755 1351 premio
774 1268 871 1334 tbebes
887 1270 1023 1352 scirpiais
1040 1270 1144 1359 cobibe
1161 1272 1222 1358 dap
1239 1289 1373 1352 quaram

225 1377 334 1441 attera
347 1379 390 1442 aa
410 1377 493 1441 silom
515 1377 651 1440 dodoaca
677 1375 777 1440 attera
799 1377 843 1440 ad
863 1387 1002 1440 amonem
1018 1377 1164 1457 peruenit
1186 1377 1239 1440 abi
1261 1381 1374 1441 morta-

226 1484 307 1548 litas
332 1483 459 1548 uacat
484 1491 615 1564 raspbsa.
661 1481 751 1548 Poat.
784 1518 822 1528 —
857 1481 1006 1565 idemque
1033 1482 1124 1546 Poat.
1151 1483 1311 1568 reperitur
1338 1482 1374 1546 in

228 1575 636 1673 adnotatione-marginali
661 1588 700 1653 ad
722 1588 739 1653 I
763 1589 793 1673 8,
816 1587 869 1672 51,
894 1587 956 1652 ubi
974 1588 1013 1653 de
1036 1589 1162 1653 sontica
1185 1611 1223 1653 ex
1245 1588 1373 1654 Iuliano

226 1699 259 1759 et
281 1695 382 1763 Paulo
406 1696 594 1761 adferuntur
620 1698 784 1779 excerpta,
808 1698 841 1759 et
864 1694 951 1759 alibi.
986 1694 1056 1779 ipse
1079 1693 1232 1760 Iouiauus
1256 1694 1373 1760 Ponta-

225 1824 286 1867 nus
309 1825 387 1868 num
411 1803 530 1868 codicis
552 1824 722 1886 possessor
747 1805 970 1885 correctosque
993 1801 1092 1866 fuerit
1118 1824 1160 1866 en
1185 1801 1252 1866 eius
1276 1801 1373 1864 inter-

227 1913 432 1992 pretamenta
460 1908 821 1992 emendatiunculasque
844 1908 966 1972 amicus
990 1907 1122 1993 quidam
1146 1930 1203 1972 suo
1227 1907 1374 1972 intulerit

227 2015 417 2100 exemplari,
439 2017 501 2082 hoc
525 2039 563 2080 ex
583 2037 679 2081 causa
699 2013 926 2098 supraadlata
947 2035 1032 2078 nunc
1052 2013 1179 2099 quidem
1199 2014 1373 2079 diiudicare

225 2142 358 2205 nequeo.
397 2123 452 2187 scd
475 2126 549 2188 utut
571 2123 634 2188 hoc
657 2143 691 2186 se
713 2120 825 2204 habet,
847 2142 915 2185 non
938 2121 1002 2185 alio
1026 2120 1135 2186 codice
1158 2142 1256 2206 quam
1278 2119 1373 2186 Guel-

225 2227 399 2312 ferbytano
431 2252 509 2294 usus
542 2234 591 2294 est
617 2228 732 2296 Frauc.
761 2228 912 2293 Pucciust
950 2227 1029 2291 adeo
1062 2248 1134 2292 cum
1167 2227 1271 2294 nostri
1299 2227 1375 2292 libri

182 2351 186 2360 ·
226 2335 422 2401 lectionibus
447 2335 600 2402 conuenit
624 2336 692 2400 eius
716 2334 1010 2419 emendationibus;
1038 2334 1104 2398 nisi
1127 2335 1225 2418 quod,
1249 2338 1286 2399 ut
1308 2335 1374 2399 fere

226 2433 277 2524 fit,
300 2441 456 2506 nonnulla
480 2440 609 2505 aliunde
628 2440 730 2522 petita
753 2439 927 2504 inmiscuit.
958 2440 1012 2524 qui
1031 2439 1117 2524 quod
1139 2441 1174 2504 in
1195 2441 1283 2506 notis
1307 2441 1374 2505 suis

228 2567 323 2628 saepe
346 2546 486 2611 Pontani
512 2568 632 2611 nomen
655 2547 934 2632 commemorauIt,
960 2545 1056 2610 huius
1080 2546 1144 2611 uiri
1167 2569 1265 2612 manu
1290 2547 1374 2612 codi-

228 2673 297 2716 cem
319 2651 422 2716 fuisse
445 2652 601 2736 scriptum
624 2652 752 2717 uidetur
767 2656 967 2717 autumasse.
999 2651 1148 2735 idemque
1166 2651 1301 2718 Puccius
1325 2655 1379 2718 ut.

227 2761 304 2840 pote
333 2759 369 2822 in
399 2761 468 2823 arte
499 2757 587 2824 rudis
617 2781 682 2825 non
712 2758 873 2823 intellexit
902 2758 984 2823 bene
1012 2757 1274 2842 distinguendum
1303 2781 1374 2825 esse

228 2865 311 2928 inter
334 2865 473 2947 primam
494 2887 627 2929 manum
651 2861 703 2951 (G)
734 2867 767 2928 et
792 2864 926 2928 alteram
955 2863 1178 2928 correctricem
1201 2865 1374 2950 interpola-

229 2971 405 3055 tricamque
425 2968 486 3057 (g),
511 2971 567 3036 sed
585 2975 754 3055 utramque
778 2991 876 3053 aeque
897 2972 1084 3034 aestumans
1103 2970 1208 3035 effecib
1226 2976 1263 3036 ut
1280 2973 1374 3037 bonis

227 3075 506 3142 emendationibus
530 3077 723 3143 admisceret
745 3099 864 3161 prauae
888 3077 1017 3141 multas.
1048 3099 1123 3163 noe,
1146 3080 1201 3162 qui
1218 3079 1391 3170 lectiones,

227 3206 246 3248 a
274 3199 296 3265 g
324 3183 444 3258 inlatas
472 3184 557 3248 tanti
587 3183 732 3248 ducimus
765 3182 879 3268 quanti
907 3186 1085 3248 ceterorum
1112 3183 1271 3250 Italorum
1300 3207 1374 3250 oon-

226 3289 380 3374 iecturas,
411 3289 476 3354 iam
511 3289 587 3373 quid
619 3289 658 3353 de
686 3286 712 3353 (i
746 3289 952 3354 statuendum
985 3291 1028 3355 sit
1056 3289 1234 3356 uideamus.
1280 3295 1312 3356 et
1339 3293 1375 3356 ut

226 3394 372 3459 breuiter
395 3394 499 3461 dicam
523 3396 607 3480 quod
630 3396 718 3461 infra
741 3397 921 3461 accuratius
946 3396 1235 3462 demonstrabitur:
1271 3395 1297 3462 (i
1320 3398 1374 3462 di·

227 3523 338 3566 uerso
369 3524 388 3566 a
418 3503 568 3572 familia
598 3501 663 3566 AV
694 3504 804 3585 patre
836 3505 946 3567 ortus
976 3524 1018 3566 ex
1049 3499 1180 3567 eodem
1210 3525 1282 3586 quo
1313 3525 1374 3568 ex-

230 3611 363 3692 cerpta
386 3607 566 3674 Parisina
592 3608 875 3674 descenderunt
902 3608 1033 3673 codice
1061 3607 1186 3674 fluxit.
1232 3609 1315 3694 quod
1339 3613 1376 3674 ut

230 3715 339 3797 palam
361 3715 432 3800 fiat,
454 3716 544 3799 prius
568 3715 790 3780 disserendum
814 3717 864 3778 est

512 3819 572 3884 DE
596 3819 843 3886 EXOERPTIS
866 3818 1095 3886 PARISINIS.

229 3926 350 3993 Extitit
373 3924 450 3992 olim
474 3925 509 3990 in
532 3925 640 3992 Gallia
665 3929 752 3992 intra
776 3949 878 3992 annos
901 3926 969 3991 fere
995 3929 1213 3994 1000-1100
1236 3928 1287 3992 nir
1310 3950 1376 3992 mc·

230 4033 382 4100 diocriter
404 4033 533 4116 domuc,
566 4033 621 4117 qui
649 4055 688 4098 ex
711 4033 809 4098 uariis
836 4034 1023 4099 auctoribus
1047 4033 1203 4100 Romanis
1232 4056 1375 4121 eaquae

230 4142 339 4225 aliquo
357 4139 488 4205 nomine
512 4139 737 4204 memorabilia
755 4140 942 4206 uiderentur
965 4145 1150 4226 excerperet
1173 4141 1258 4207 etin
1276 4163 1375 4206 unum

301 4385 327 4456 *)
358 4401 456 4440 manus
479 4386 565 4441 tertia
588 4403 660 4442 saec.
685 4386 751 4442 XVI
774 4387 821 4441 uel
842 4385 933 4458 XVII,
965 4405 1049 4457 quam
1073 4405 1108 4442 m.
1131 4403 1183 4442 rec.
1211 4386 1377 4458 significant,

230 4476 328 4531 titulos
348 4473 464 4546 siugulis
484 4475 584 4547 elegiis
603 4475 722 4532 addidIt.
