3294 5118
606 308 750 364 TIBULLI
768 311 836 365 LIB.
856 310 890 363 Il.
906 316 930 367 5.

340 470 410 547 Qua
434 469 555 535 suade
579 472 667 537 caelo
691 473 850 557 prospicit
872 494 950 537 arua
974 470 1081 558 Ceres,

295 576 427 662 Quaque
450 581 566 662 patent
589 583 679 643 ortus
704 583 737 642 et
760 601 823 663 qua
845 579 1048 643 fluitantibus
1072 577 1167 642 undis

223 702 256 750 60
340 683 426 749 Solis
450 684 639 749 anhelantes
663 684 766 750 abluit
790 685 894 749 amnis
918 707 1026 769 equos

295 791 393 855 Troia
417 791 545 874 quidem
569 795 644 856 tunc
669 815 703 856 se
727 792 897 856 mirabitur
920 797 954 857 et
977 792 1040 857 sibi
1063 792 1148 856 dicet

338 898 407 963 Uos
431 898 513 962 bene
536 902 605 962 tam
627 899 727 984 longa
750 900 950 964 consuluisse
974 901 1037 964 uia.

293 1005 380 1071 Uera
403 1026 497 1070 cano:
523 1004 569 1068 sic
592 1026 693 1088 usqne
717 1027 824 1070 sacras
848 1006 981 1070 innoxia
1004 1007 1114 1069 laurus

339 1111 470 1197 Uescar,
493 1115 526 1176 et
549 1116 714 1176 aeternum
739 1113 782 1176 sit
804 1113 884 1177 mihi
907 1110 1100 1197 uirginitas?

223 1236 256 1284 66
295 1219 397 1299 [Haec
421 1219 537 1283 cecinit
559 1222 650 1283 uetes
675 1220 707 1282 et
729 1221 762 1282 te
786 1219 857 1311 sibi,
876 1218 1015 1303 Phoebe,
1038 1220 1177 1303 uocauit,

253 1317 264 1344 ’
337 1326 475 1391 Iactauit
497 1326 587 1391 fusas
612 1330 644 1390 et
668 1329 766 1410 caput
789 1331 865 1391 ante
890 1349 1007 1391 comae.

295 1431 457 1516 Quicquid
476 1432 658 1516 Amalthea,
682 1432 833 1517 quiequid
856 1432 1019 1516 Marpesia
1041 1431 1123 1497 dixit

228 1609 231 1614 Δ
337 1539 523 1623 Herophilo,
545 1540 671 1605 Phoeto
696 1538 796 1603 Graia
819 1539 905 1625 quod
929 1539 1105 1624 admonuit,

294 1645 443 1730 Quasque
467 1645 595 1712 Aniena
618 1667 726 1711 sacras
750 1646 870 1711 Tiburs
894 1668 951 1729 per
972 1646 1107 1710 flumina
1131 1649 1234 1710 sortes

224 1770 257 1818 70
337 1752 481 1819 Portarit
503 1753 588 1818 sicco
611 1753 844 1837 pertuleiitque
868 1755 950 1836 sinu,

293 1859 396 1944 (Haec
418 1862 488 1927 fore
512 1860 661 1926 dixerunt
684 1862 763 1926 belli
785 1862 872 1925 mela
895 1862 989 1946 signa
1012 1865 1168 1944 cometen,

337 1968 460 2033 Multus
486 1969 579 2033 utin
603 1972 707 2033 terras
732 1967 960 2052 deplueretque
984 1967 1081 2051 lapis;

292 2074 399 2158 Atque
422 2077 518 2140 tubas
542 2078 638 2158 atque
662 2095 754 2138 arma
776 2072 887 2137 ferunt
909 2073 1117 2156 strepitantia
1141 2074 1230 2138 caelo

338 2182 459 2247 Audita
483 2186 516 2248 et
538 2183 629 2247 lucos
653 2181 872 2265 praecinuisse
895 2181 1022 2267 fugam3

223 2305 255 2352 75
293 2287 405 2372 Ipsum
429 2290 526 2354 etiam
550 2287 658 2354 Solem
682 2287 842 2352 defectum
865 2288 988 2352 lumine
1011 2288 1093 2353 uidit

336 2386 475 2481 Iungere
499 2397 658 2480 pallentes
681 2396 810 2460 nubilus
835 2417 937 2459 annus
962 2417 1061 2478 equos

293 2501 338 2566 Et
360 2505 530 2569 simulacra
553 2505 648 2569 deum
671 2503 821 2568 lacrimas
844 2502 966 2566 fudisse
987 2505 1134 2585 tepentes

336 2609 481 2696 Fataque
503 2611 633 2676 uocales
657 2610 898 2694 praemonuisse
921 2607 1050 2695 boues):

293 2715 383 2782 Haec
405 2717 536 2781 fuerant
558 2717 645 2782 olim.
674 2716 729 2781 sed
752 2719 788 2780 tu
812 2716 879 2781 iarn
902 2715 1000 2798 mitis,
1023 2715 1154 2799 Apollo,

223 2839 256 2886 80
336 2823 491 2909 Prodigia
514 2823 681 2888 indomitis
705 2844 814 2908 merge
838 2823 897 2887 sub
922 2823 1138 2907 aequoribus]

505 2974 523 3013 *
642 2997 647 3011 ·
737 2929 755 2967 *
969 2977 987 3013 ab

292 3037 337 3101 Et
360 3059 513 3104 succensa
536 3036 637 3101 sacris
662 3036 797 3119 crepitet
820 3035 900 3101 bene
919 3036 1030 3099 laurea
1052 3034 1201 3118 flammis,

274 3195 342 3251 Vra.
357 3217 430 3250 asor.
459 3200 492 3250 58
502 3192 616 3264 respicit
625 3197 654 3247 G.
662 3210 701 3246 au
710 3191 855 3261 despicit?
868 3195 878 3260 l
893 3199 925 3247 59
936 3192 1116 3248 rutilantibus
1126 3191 1156 3249 J.
1172 3191 1208 3247 Η.
1221 3190 1331 3246 Vossius
1340 3191 1348 3261 ll

193 3290 236 3338 61
261 3287 321 3338 tum
346 3289 368 3337 G
390 3287 400 3354 ΙΙ
423 3290 456 3339 62
479 3283 625 3354 longa-uia
648 3282 785 3350 Scoliqer:
812 3281 1016 3350 longam-uiam
1045 3285 1063 3333 0
1087 3284 1097 3350 ΙΙ
1121 3288 1153 3334 63
1178 3280 1271 3336 lauros
1295 3285 1316 3332 G
1340 3281 1347 3350 ,l

204 3379 239 3427 64
257 3374 362 3428 Uescar
380 3379 402 3426 V
420 3390 471 3443 me.
491 3391 524 3428 m.
545 3379 573 3426 2:
598 3372 705 3427 Nosoar
722 3376 745 3422 A
763 3371 870 3425 Noseat
888 3375 937 3423 Gv
954 3389 989 3426 m.
1011 3377 1024 3423 1
1043 3373 1053 3439 ΙΙ
1072 3375 1186 3426 66-80
1210 3376 1241 3424 ut
1263 3372 1348 3424 iuter·

199 3464 309 3531 potatos
327 3463 429 3517 inclusi
442 3464 452 3532 ΙΙ
466 3468 499 3516 67
519 3459 660 3529 marpesia
679 3463 710 3512 0:
730 3459 885 3526 Marpessia
903 3461 987 3528 aalys
1010 3458 1175 3513 Mermessia
1193 3458 1348 3512 Salmasius

81 3615 88 3626 ·
203 3567 287 3604 eccere.
307 3549 384 3607 Elia.
405 3557 438 3605 78
453 3553 462 3619 [Ι
476 3555 509 3604 68
529 3549 663 3618 llryphile
682 3553 704 3600 G
722 3547 867 3615 Heriphile
881 3552 927 3600 Av
943 3551 947 3618 l
963 3549 1069 3603 Phoeto
1089 3546 1174 3602 Graia
1192 3546 1347 3601 Lachman-

203 3655 257 3693 ous
280 3642 357 3708 opud
380 3640 541 3694 Diaconum:
569 3638 680 3708 phoebo
704 3637 786 3707 grata
810 3639 828 3687 0
852 3637 943 3705 Phyto
968 3637 1050 3704 grata
1073 3636 1252 3705 Huscbtiusl
1273 3636 1347 3704 quod

204 3727 350 3782 admonuit
363 3732 395 3782 0:
415 3743 480 3796 -que
496 3711 693 3795 quodmonuit
707 3739 724 3781 ς
737 3727 747 3796 ΙΙ
761 3731 794 3779 69
810 3724 938 3792 Quasque
953 3730 986 3779 G:
1003 3724 1138 3792 Quodque
1152 3729 1203 3777 Av
1219 3725 1223 3795 l
1239 3725 1349 3780 Aniena

205 3817 288 3870 Itali:
308 3816 411 3870 albana
430 3820 448 3868 0
468 3815 580 3870 Albona
594 3814 716 3883 Scolieer
732 3817 737 3883 Ι
753 3813 853 3867 Tiburs
869 3813 953 3866 Itali:
972 3813 1069 3866 tiberis
1084 3817 1103 3865 0
1118 3815 1127 3883 fl
1142 3819 1175 3868 70
1190 3815 1348 3884 pertulerit-

203 3921 258 3973 que
277 3919 307 3961 5:
330 3903 519 3974 perlucritque
543 3907 562 3955 0
587 3902 722 3971 Portanit,
750 3920 771 3955 s.
790 3901 906 3971 pertulit
928 3901 1012 3970 inque
1036 3901 1098 3956 sinu
1116 3903 1253 3973 Heyae'us,
1280 3910 1349 3958 recte

199 3998 270 4061 poto
284 3996 294 4063 ΙΙ
309 3999 340 4048 71
360 3993 420 4066 Hqc
439 3999 461 4046 G
479 3993 539 4046 Hec
557 3995 619 4045 AV:
638 3991 699 4046 Hae
718 3993 801 4061 culeo
818 3995 821 4058 l
837 3991 897 4060 fore
911 3990 971 4046 fore
986 3995 1008 4043 G
1024 3992 1028 4058 Ι
1045 3993 1171 4045 cometen
1186 3995 1219 4045 G:
1240 3995 1348 4046 comete

204 4087 227 4133 A
246 4085 383 4138 cometem
401 4085 446 4152 Vll
461 4088 494 4137 72
513 4067 610 4153 Multis
625 4086 647 4133 G
663 4085 667 4147 1
683 4083 714 4134 nt
731 4099 761 4146 g:
777 4083 839 4135 eto
857 4083 860 4150 Ι
876 4079 958 4134 terris
973 4085 995 4132 G
1010 4082 1014 4147 l
1031 4079 1231 4148 deplueretque
1250 4095 1279 4137 ςι
1300 4080 1347 4133 de·

205 4169 363 4240 plueritque
383 4175 432 4223 AG
451 4169 645 4239 depuleritque
664 4174 700 4237 Ἲς
719 4169 783 4236 sort.
802 4168 907 4221 Multus
927 4169 956 4221 et
973 4166 991 4220 i.
1010 4170 1030 4220 t.
1051 4167 1160 4236 depluit
1173 4185 1260 4236 usque
1274 4168 1347 4237 lapis

204 4261 212 4330 i
232 4266 266 4314 74
285 4258 459 4314 concinuisse
478 4262 570 4328 Gll'lb
588 4259 700 4312 nubilus
719 4274 752 4311 es
769 4256 890 4309 nubibus
909 4271 977 4311 corr.
1000 4260 1023 4308 V
1039 4259 1043 4325 Ι
1059 4256 1150 4310 amnis
1169 4261 1191 4307 A
1209 4257 1218 4325 ll
1237 4262 1270 4309 79
1289 4257 1347 4311 fue·
1412 4277 1414 4280 ·

203 4351 269 4402 runt
286 4349 330 4402 uel
348 4348 453 4403 fuerint
471 4348 603 4417 §tuella
621 4348 653 4400 io
671 4350 689 4398 0
709 4347 811 4400 lacuna
828 4347 838 4413 ΙΙ
857 4350 889 4399 81
913 4343 950 4398 Et
969 4349 991 4396 G
1009 4347 1085 4414 (etv
1110 4361 1144 4400 m.
1165 4351 1180 4397 2
1204 4348 1281 4413 mel:
1310 4345 1348 4400 Ut

204 4440 255 4488 Av
273 4455 307 4490 m.
329 4443 342 4489 1
363 4437 405 4490 En
424 4455 443 4502 g
458 4439 462 4500 l
479 4436 599 4506 crepitat
617 4454 636 4501 g

258 4534 390 4576 Trnonnus.
1172 4527 1188 4573 4
