3316 5114
583 346 731 400 TIBULLI
749 345 816 399 LlB.
835 345 856 398 Ι.
877 349 901 399 5.

261 508 352 573 Tunc
375 531 427 572 me
452 507 617 573 discedens
642 510 793 573 deuotum
816 507 939 572 femina
961 505 1049 592 dixit,

304 615 349 680 Et
374 613 498 702 (pudet,
522 613 570 702 cl)
594 619 705 680 narrat
727 615 808 680 scire
832 613 971 678 nefanda
994 635 1108 678 meam.

259 723 337 788 Non
360 722 441 787 facit
464 721 526 786 hoc
550 721 676 786 uerbis:
699 721 782 786 facie
800 721 983 805 tenerisque
1007 720 1137 784 lacertis

305 828 453 894 Deuouct
477 831 510 892 et
532 828 626 892 flairis
650 830 763 892 nostra
784 826 894 910 puella
917 826 1028 910 comis,

189 952 223 1000 45
262 935 374 1010 Qualis
399 935 438 1000 ad
460 933 678 999 Haemonium
701 931 815 996 Nereis
838 930 936 995 Pelea
960 931 1124 1014 quondam

310 1043 409 1108 Uesta
432 1045 481 1106 est
503 1041 632 1106 frenato
657 1040 786 1105 caerula
809 1039 897 1122 pisce
921 1038 1043 1103 Thetis.

261 1149 351 1214 Haec
373 1171 510 1214 nocuere
534 1148 623 1213 mihi.
660 1147 746 1231 quod
770 1146 863 1211 adest
884 1147 960 1211 huic
983 1146 1074 1210 diues
1098 1151 1241 1212 amator:

304 1255 404 1321 Uenit
427 1256 461 1319 in
485 1256 618 1319 exitium
642 1253 759 1318 callida
781 1252 856 1316 lena
881 1274 997 1318 meum.

260 1360 461 1446 Sanguineas
485 1363 559 1426 edat
581 1362 638 1425 illa
662 1359 761 1444 dapes
786 1363 882 1445 atque
907 1382 961 1424 ore
985 1364 1117 1425 cruento
1164 1421 1165 1428 ,

188 1485 223 1534 50
305 1468 428 1532 Tristia
452 1490 524 1533 cum
548 1469 651 1532 multo
674 1468 792 1551 pocula
814 1465 889 1530 felle
913 1467 1021 1552 bibct3

257 1574 351 1640 Hanc
370 1576 511 1640 uolitent
534 1575 660 1640 animae
684 1574 803 1638 circum
827 1596 886 1638 sua
909 1573 978 1638 fata
1001 1579 1171 1658 querentes

303 1680 444 1768 Semper,
469 1687 501 1747 et
525 1705 541 1747 e
565 1682 660 1746 tectis
685 1681 766 1746 strix
789 1681 935 1745 uiolenta
959 1684 1067 1764 canat3

256 1789 333 1872 Ipsa
355 1789 442 1853 fame
466 1789 653 1854 stimulante
677 1788 786 1852 furens
809 1787 991 1872 herbasque
1016 1790 1171 1872 sepulcris

303 1895 446 1971 Quaerat
469 1899 502 1960 et
525 1918 545 1959 a
568 1896 674 1959 saeuis
699 1916 774 1958 ossa
796 1893 912 1958 relicta
935 1894 1030 1978 lupis,
1173 1887 1177 1892 ’

185 2019 218 2067 55
257 2000 376 2068 Currat
398 2007 431 2066 ct
453 2003 641 2088 inguinibus
664 2000 760 2065 nudis
779 2001 944 2085 ululetque
966 2024 1024 2084 per
1042 2003 1149 2087 urbes,

300 2108 380 2175 Post
403 2113 481 2196 agat
505 2133 521 2174 e
544 2110 651 2174 triuiis
676 2130 792 2192 aspera
815 2109 912 2173 turba
934 2130 1060 2174 canum.

256 2216 410 2281 Eueniet:
435 2215 491 2281 dat
510 2218 604 2302 signa
627 2215 720 2282 deus:
745 2219 821 2280 sunt
843 2216 979 2280 numina
1003 2217 1127 2280 amanti

301 2323 412 2388 Saeuit
434 2326 467 2388 et
489 2324 610 2389 iniusta
632 2325 704 2409 lege
727 2325 839 2389 relicta
862 2324 984 2389 Uenus.

256 2429 303 2494 At
325 2435 361 2494 tu
385 2432 645 2515 quamprimum
669 2452 765 2516 sagae
789 2434 962 2515 praecepta
985 2431 1111 2513 rapacis

184 2553 218 2600 cc
299 2535 432 2601 Desere:
455 2561 531 2602 nam
556 2537 647 2603 donis
671 2537 811 2604 uincitur
834 2539 939 2604 omnis
964 2561 1063 2604 amor.

255 2640 380 2726 Pauper
403 2646 465 2709 crit
487 2649 617 2730 praesto
641 2668 768 2730 semper
790 2646 865 2710 tibi:
890 2667 1013 2729 pauper
1036 2644 1139 2710 adibit

298 2748 426 2816 Primus
450 2756 482 2816 et
505 2753 539 2817 in
562 2757 673 2818 tenero
696 2753 780 2817 fixus
804 2754 866 2817 erit
888 2753 1000 2835 latere,

180 2922 183 2928 ,
254 2854 381 2939 Pauper
402 2858 437 2921 in
460 2862 600 2944 angusto
623 2860 705 2924 fidus
728 2880 837 2924 comes
861 2858 989 2942 agmine
1008 2857 1124 2920 turbae

176 2953 181 2963 ⁸
301 2959 504 3048 Subicietque
527 2987 643 3028 manus
667 2965 847 3049 efficietque
870 2965 969 3041 uiam,

183 3082 217 3130 65
255 3066 383 3151 Pauper
405 3070 445 3134 ad
468 3072 611 3136 occultos
635 3071 749 3137 furtim
773 3072 908 3137 deducet
932 3071 1052 3136 amicos

298 3174 476 3261 Uinclaque
499 3175 539 3242 de
562 3177 657 3243 niueo
681 3179 830 3243 detrahet
852 3179 922 3262 ipse
945 3179 1035 3264 pede.

255 3280 342 3346 Heul
366 3285 511 3350 canimus
534 3283 664 3368 frustra,
686 3306 745 3349 nec
768 3285 877 3349 uerbis
900 3285 987 3350 uicta
1009 3285 1147 3368 patescit

234 3439 302 3493 Vm.
321 3460 395 3496 aner.
432 3447 466 3495 42
490 3441 527 3496 Et
549 3441 638 3511 pudet
661 3443 808 3511 ascripsi:
832 3441 869 3497 Et
890 3442 978 3512 pudet
1001 3444 1068 3496 eto
1094 3441 1131 3496 Et
1148 3442 1236 3510 pudet
1253 3438 1323 3500 heu'

163 3527 286 3597 Scaliger
307 3530 333 3583 A
355 3529 443 3598 pudet
466 3532 495 3584 et
516 3529 550 3586 L.
575 3531 727 3586 Muellerus
743 3535 747 3600 1
763 3548 856 3585 meam
878 3531 1023 3586 Nodellc'as
1046 3534 1101 3585 505.
1125 3532 1186 3586 crit.
1205 3549 1236 3601 p.
1262 3540 1309 3588 745

163 3667 227 3705 mea
246 3653 378 3722 OllTalis
397 3653 433 3708 ad
450 3653 613 3709 hemonium
632 3634 695 3722 (bns.
721 3659 742 3706 d
765 3671 818 3710 cm.
841 3656 875 3722 V)
897 3653 988 3708 nereis
1014 3671 1068 3727 quq
1092 3655 1156 3722 (que
1175 3657 1208 3723 Δ)
1227 3659 1309 3726 pelea

161 3758 187 3808 q.
213 3745 244 3809 0;
264 3743 371 3796 correxi
388 3745 425 3808 (et
441 3744 484 3798 ito
501 3745 558 3797 5555
576 3743 724 3812 1159155551.
749 3744 833 3812 55190
852 3744 940 3798 deleat
962 3761 1031 3816 qu93
1054 3745 1127 3812 quod
1151 3750 1307 3805 correctura

160 3829 238 3884 illias
248 3823 329 3884 'Talis
343 3831 455 3885 uidetur
464 3832 598 3900 primitas
612 3831 667 3900 (Q.)
685 3833 783 3899 faiss03
803 3833 838 3899 ef.
858 3832 963 3886 0555115
981 3849 1001 3886 c.
1018 3839 1060 3900 61,
1078 3839 1109 3886 17
1124 3834 1134 3902 ΙΙ
1147 3839 1181 3888 46
1200 3835 1308 3890 thethis

160 3922 183 3968 v
205 3919 215 3987 ΙΙ
238 3925 272 3973 47
296 3924 368 3987 puto
386 3919 446 3974 Hoc
464 3920 615 3988 nocuitque
634 3920 705 3974 mihi
722 3920 798 3989 qnod
820 3921 830 3990 l
853 3925 887 3975 50
905 3920 1046 3988 Tristitia,
1065 3922 1112 3976 sed
1130 3938 1198 3976 5055.
1218 3941 1252 3978 55.
1273 3931 1307 3993 2.,

158 4010 181 4056 v
194 4007 204 4076 ΙΙ
218 4012 251 4060 57
271 4006 390 4062 Eueniet
414 4012 449 4062 0:
471 4007 610 4064 Euenient
627 4024 645 4067 ς
662 4010 672 4077 ΙΙ
691 4015 797 4064 61-64
815 4010 875 4064 bob.
893 4010 960 4065 Par.
980 4010 990 4078 ll
1013 4016 1045 4064 61
1066 4013 1179 4078 praesto
1198 4029 1308 4082 semper

158 4093 213 4147 tibi
233 4096 389 4152 1115555555
408 4098 543 4166 prla)esto
561 4098 615 4152 tibi
633 4099 765 4168 pr(a)esto
785 4103 803 4150 0
820 4102 935 4168 ‘praesto
955 4115 1064 4168 semper
1078 4101 1106 4152 te
1124 4100 1309 4169 1555116205

158 4217 189 4272 n
213 4218 281 4274 curo
304 4219 403 4275 nmine
421 4221 491 4274 fixus
515 4221 569 4276 est
590 4222 658 4276 rar.
677 4223 687 4291 ιι
706 4227 739 4276 os
762 4199 830 4276 ficte
848 4227 871 4273 v
884 4225 895 4292 u
908 4228 942 4277 5
961 4222 1122 4290 Subiicietq.
1143 4225 1187 4291 cu
1201 4229 1234 4276 5
1250 4239 1306 4276 eor.

159 4313 266 4376 ruptus.
282 4315 353 4378 puto
371 4312 481 4381 Pauper
500 4311 535 4365 ad
554 4312 607 4366 hoc
627 4309 733 4366 cinctos
747 4310 851 4380 raptim
872 4311 991 4366 deducet
1005 4311 1123 4365 amictus
1140 4313 1143 4379 1
1161 4311 1306 4366 adocultos

159 4400 194 4463 Δ;
218 4397 254 4451 ad
278 4413 311 4453 55
329 4414 397 4455 corr.
417 4401 449 4454 55
468 4404 501 4467 G,
521 4400 551 4454 et
570 4417 588 4466 g
604 4402 608 4468 l
624 4398 744 4474 amictus
763 4399 804 4467 gl!
819 4405 851 4453 67
866 4397 942 4453 uicta
961 4404 994 4453 d:
1014 4399 1110 4453 uincta
1128 4404 1151 4451 Δ
1169 4399 1265 4454 iuncta
1283 4405 1306 4451 v

159 4486 216 4554 (sed
233 4487 266 4541 55
283 4487 332 4543 boc
350 4505 402 4560 mp.
420 4508 455 4544 55.
475 4495 491 4544 2
510 4489 597 4557 uicta)
613 4491 617 4559 Ι
633 4487 741 4543 fatiscit
759 4502 775 4544 ς

1110 4577 1147 4633 2*
