3316 5114
545 1297 1031 1386 PROLEGOMENA.

307 1579 443 1648 Carolus
475 1579 714 1667 Lachmannus,
748 1604 820 1648 cum
853 1605 938 1649 anno
969 1584 1053 1650 1829
1085 1583 1209 1668 primus
1239 1556 1362 1658 Tibulli

219 1687 392 1754 editionem
416 1689 579 1754 emitteret
600 1689 687 1754 iusto
716 1692 877 1774 apparatu
904 1690 1016 1755 critico
1038 1691 1245 1769 instructam,
1275 1690 1360 1755 codi-

217 1793 307 1858 cibus
331 1814 399 1858 non
420 1815 498 1858 usus
522 1796 572 1858 est
593 1795 658 1858 nisi
679 1795 912 1861 recentissimis
936 1795 1046 1881 eisque
1069 1795 1238 1862 doctorum
1261 1795 1361 1860 Italo-

216 1921 289 1964 rum
314 1923 429 1966 manus
452 1902 710 1987 interpolatrices
734 1904 883 1987 expertis.
923 1925 1000 1968 nam
1024 1902 1123 1968 codex
1144 1901 1360 1968 Eboracensis

218 2007 258 2070 ab
277 2003 413 2073 Heinsio
437 2008 573 2074 collatus
598 2005 659 2096 (A)
683 2032 711 2076 a
732 2010 832 2095 1425,
854 2010 938 2075 liber
960 2012 1067 2074 autem
1085 2008 1253 2074 Parisinus
1273 2009 1359 2075 7989

219 2109 280 2198 (Β)
303 2135 331 2176 a.
356 2113 456 2199 1423,
487 2115 625 2200 denique
651 2119 717 2180 tres
745 2117 888 2201 reliquae
916 2119 1023 2181 cartae
1047 2113 1105 2202 (0)
1132 2115 1235 2181 multo
1261 2113 1360 2180 etiam

217 2220 293 2302 post
315 2219 460 2314 scriptae
478 2224 562 2288 sunt.
591 2221 653 2286 hae
672 2222 774 2308 igitur
796 2225 1001 2288 membranae
1021 2244 1132 2288 omnes
1156 2241 1194 2285 eo
1213 2223 1359 2304 tempore

218 2327 293 2388 sunt
316 2329 481 2413 exaratae,
511 2349 575 2412 quo
598 2327 722 2392 scribae
745 2327 823 2393 Itali
845 2329 976 2392 iamiam
999 2327 1121 2411 pudore
1145 2326 1271 2392 abieoto
1293 2347 1361 2391 non

216 2434 285 2496 tam
308 2432 342 2497 in
365 2437 512 2497 ueterum
530 2434 723 2518 scriptorum
746 2434 855 2498 uerbis
874 2433 1019 2518 quamuis
1044 2433 1204 2518 corruptis
1222 2432 1361 2497 fideliter

110 2593 114 2602 .
217 2539 386 2604 reddendis
409 2561 507 2624 quam
529 2539 565 2604 in
587 2539 795 2604 emendandis
820 2540 942 2605 eisdem
964 2538 1205 2624 purgandisque
1229 2560 1361 2623 operam

218 2645 421 2730 studiumque
444 2646 631 2729 ponebant.
682 2649 720 2710 ut
755 2648 849 2713 unico
888 2647 1034 2731 exemplo
1076 2646 1223 2712 codicum
1258 2645 1360 2712 Lach-

217 2752 465 2818 mannianorum
487 2754 684 2837 prauitatem
706 2754 769 2820 tibi
794 2754 938 2838 aperiam
960 2756 1081 2819 totam:
1117 2754 1225 2818 nullus
1249 2774 1360 2818 eorum

216 2859 349 2923 lacunas
374 2880 428 2923 eas
452 2881 533 2942 quae
556 2860 592 2923 in
614 2860 776 2924 communi
800 2858 977 2944 archetypo
1000 2862 1077 2943 post
1097 2859 1114 2923 I
1138 2860 1166 2939 2,
1190 2858 1247 2943 253
1273 2858 1360 2943 113,

221 2963 275 3050 153
297 2962 330 3027 II
349 2963 379 3042 3,
399 2965 455 3047 773
479 2963 529 3029 ΙΙΙ
545 2965 576 3049 4,
596 2965 639 3030 64
660 2969 752 3031 erant
769 2966 911 3031 intactas
929 2966 1074 3051 reliquit,
1097 2966 1153 3031 sed
1171 2964 1253 3031 alius
1273 2965 1360 3030 aliud

216 3072 250 3135 in
268 3073 360 3135 textu
384 3069 515 3136 exhibet
537 3071 796 3156 supplementum
814 3071 977 3138 ficticium.
1007 3071 1129 3138 talibus
1147 3072 1240 3137 libris
1264 3093 1360 3156 quae-

216 3201 291 3242 nam
321 3170 400 3242 fides
431 3179 472 3243 ad
503 3180 695 3264 scripturam
725 3179 904 3262 antiquitus
931 3177 1087 3243 traditam
1116 3177 1360 3261 reciperandam

165 3268 180 3293 ⁹
216 3286 320 3368 possit
342 3284 471 3370 haberi,
494 3286 580 3351 ultro
604 3289 747 3370 apparet.
782 3307 886 3370 neque
909 3288 986 3368 post
1007 3282 1251 3350 Lachmannum
1274 3283 1360 3348 codi-

216 3392 307 3456 cibus
336 3392 569 3458 uetustioribus
599 3396 632 3457 et
662 3393 702 3457 ab
732 3392 992 3476 interpolationis
1024 3389 1217 3475 contagione
1247 3389 1359 3457 liberis

216 3497 408 3582 indagandis
424 3497 501 3562 uiri
529 3498 616 3563 docti
644 3498 833 3582 studebant,
863 3497 928 3562 nisi
956 3496 1045 3581 quod
1068 3497 1115 3561 eis
1144 3517 1225 3580 quae
1252 3497 1358 3562 medio

217 3624 296 3667 aeuo
320 3625 359 3668 ex
377 3605 536 3688 poematis
556 3604 751 3670 Tibullianis
769 3604 858 3669 faeta
876 3606 953 3669 sunt
971 3603 1128 3688 excerptis
1147 3603 1360 3670 adcedebant

217 3710 368 3775 animum.

307 3813 396 3890 Quae
419 3838 491 3881 oum
513 3818 560 3882 ita
583 3840 617 3884 se
639 3818 809 3904 haberent,
836 3841 943 3884 meum
967 3840 1038 3884 esse
1061 3817 1268 3898 existumaui,
1290 3818 1360 3884 nbi-

216 3944 352 4007 cumque
370 3921 586 3988 bibliothecas
605 3925 821 4008 perscrutanti
839 3925 942 4010 licuit,
958 3947 1044 3990 noua
1062 3924 1209 3990 subsidia
1228 3925 1359 3990 circum-

217 4031 342 4114 spicere
365 4027 549 4094 examinare
572 4050 767 4114 comparere.
812 4052 914 4118 neque
938 4031 1040 4096 defuit
1062 4052 1238 4096 successus.
1282 4051 1359 4095 nam

217 4137 329 4202 multis
358 4133 453 4200 libris
483 4134 606 4199 frustra
638 4136 778 4202 euolutis
811 4137 938 4221 citoque
970 4137 1105 4202 abiectis
1135 4136 1265 4202 tandem
1295 4136 1358 4201 duo

217 4243 343 4310 codices
366 4244 462 4327 plane
485 4241 633 4327 egregios
656 4264 729 4307 sum
752 4247 903 4324 nanctus,
927 4243 1059 4308 tertium
1082 4246 1190 4308 autem
1214 4240 1270 4329 (V)
1295 4241 1359 4307 Gu-

218 4350 301 4415 staui
323 4348 439 4413 Loewe
463 4348 621 4414 amicitiae
645 4347 755 4433 debeo,
778 4349 833 4433 qui
855 4353 973 4434 rogatu
994 4371 1067 4415 meo
1089 4349 1152 4415 hoc
1174 4349 1210 4414 in
1233 4371 1267 4414 se
1290 4371 1359 4415 sus-

217 4456 301 4540 cepit
323 4458 360 4520 ut
382 4454 484 4520 libros
507 4433 711 4520 Tibullianos
737 4455 772 4520 in
797 4455 1003 4522 bibliothecis
1024 4455 1181 4523 Romanis
1207 4456 1359 4522 maxime·
