3294 5118
640 340 785 395 TIBULLI
804 340 872 394 LlB.
892 342 911 394 Ι.
933 347 957 396 8.

365 502 452 578 Quos
476 504 565 568 uidet
587 504 707 568 inuitos
732 504 938 569 succubuisse
962 504 1034 568 sibi.

321 609 404 685 Quid
427 610 488 674 tibi
510 632 597 675 nunc
619 609 751 693 prodest
769 612 882 676 molles
907 611 1045 676 coluisse
1069 611 1203 693 capillos

251 735 284 782 10
366 715 468 800 Saepe
493 720 692 808 etmutatas
716 716 912 801 disposuisse
939 739 1058 802 comas,

321 823 405 900 Quid
424 847 499 889 suco
525 824 712 908 splendente
736 844 834 908 genas
859 846 983 908 ornare,
1007 823 1083 908 quid
1106 844 1229 908 ungues

365 931 509 997 Artificis
533 932 629 997 docta
652 931 854 996 subsecuisse
878 931 997 996 mauu?
1060 994 1064 1004 ,

319 1037 453 1102 Frustra
476 1040 543 1103 iam
566 1042 684 1123 uestes,
707 1039 829 1102 frustra
852 1041 1019 1104 mutantur
1043 1038 1191 1120 amictus,

365 1145 518 1229 Ansaque
543 1167 744 1229 compressos
769 1146 894 1229 colligit
917 1150 989 1210 arta
1012 1144 1120 1227 pedes.

250 1267 282 1315 15
320 1252 381 1317 Illa
403 1253 518 1336 placet,
542 1252 690 1336 quamuis
714 1251 837 1316 inculto
861 1252 987 1316 uenerit
1010 1273 1064 1315 ore

172 1347 173 1350 Ἴ
363 1358 432 1425 Neo
450 1359 589 1422 nitidum
612 1357 705 1422 tarda
729 1359 905 1442 compserit
928 1361 996 1422 arte
1015 1362 1118 1442 caput.

319 1463 406 1530 Num
429 1467 462 1529 te
486 1465 694 1550 carminibus,
717 1488 794 1529 num
819 1469 851 1529 te
874 1465 1073 1549 pollentibus
1096 1465 1206 1530 herbis

364 1571 506 1637 Deuouit
528 1574 629 1637 tacito
652 1575 798 1657 tempore
822 1575 928 1638 noctis
955 1573 1058 1638 anus?

322 1677 444 1743 Cantus
468 1679 584 1744 uicinis
608 1677 719 1763 fruges
742 1680 882 1744 traducit
905 1681 945 1744 ab
970 1679 1067 1764 agris

251 1803 285 1850 10
368 1785 490 1851 Cantus
515 1790 548 1851 et
570 1787 673 1850 iratae
697 1786 820 1850 detinet
844 1787 960 1872 anguis
983 1789 1053 1869 iter,

323 1891 445 1958 Cantus
470 1898 502 1958 et
525 1917 542 1958 e
566 1916 661 1958 curru
679 1893 803 1958 Lunam
828 1893 982 1958 deducere
1004 1896 1120 1977 tentat,

366 1999 411 2063 III
433 2000 562 2084 faceret,
586 2001 614 2064 si
637 2022 703 2066 uon
727 2022 801 2064 aera
824 2001 954 2084 repulsa
978 2004 1102 2064 sonent.

323 2105 405 2181 Quid
429 2127 547 2189 queror
565 2107 628 2171 heu
643 2107 761 2172 misero
777 2129 907 2171 carmen
925 2107 1082 2189 nocuisse,
1101 2107 1175 2190 quid
1194 2106 1334 2171 herbas?

366 2212 485 2278 Forma
507 2215 590 2278 nihil
613 2214 748 2300 magicis
773 2215 876 2278 utitur
899 2213 1040 2278 auxiliis:

251 2335 285 2384 25
324 2318 386 2384 Sed
409 2342 526 2404 eorpus
550 2321 697 2405 tetigisse
720 2323 824 2404 nocet,
849 2321 904 2384 sed
922 2321 1022 2405 longa
1046 2313 1171 2385 dedisse

166 2435 232 2490 VIII
251 2442 284 2491 26
363 2426 489 2513 Oscula,
516 2427 571 2492 sed
594 2428 711 2492 femori
734 2428 936 2492 conseruisse
959 2428 1072 2491 femur.

193 2543 230 2597 III
250 2549 283 2597 39
321 2533 404 2609 Quid
426 2533 566 2600 faciam?
591 2534 634 2598 sis
657 2535 726 2618 ipse
749 2535 922 2618 potensin
947 2521 1055 2599 amore
1079 2534 1214 2617 puellae,

85 2619 91 2630 ¹
251 2652 297 2701 40·
364 2637 422 2723 Sit,
444 2661 567 2724 precor,
591 2630 738 2724 exemplo
762 2641 806 2706 sit
829 2641 910 2704 leuis
934 2632 991 2705 illa
1014 2643 1080 2728 tuo.
1152 2657 1170 2684 ⁸

222 2771 225 2776 ·
323 2743 349 2808 O
374 2745 534 2831 quotiens,
556 2747 650 2812 uobis
673 2770 714 2811 ne
738 2747 908 2832 quisquam
932 2748 1078 2812 conscius
1103 2752 1197 2832 esset,

367 2853 441 2937 Ipse
465 2876 572 2920 comes
595 2855 700 2919 multa
722 2855 846 2919 lumina
869 2857 964 2919 nocte
986 2854 1062 2918 tuli!

234 2993 445 3004 hu.—

305 3063 416 3117 Tarum.
453 3070 496 3118 20.
518 3064 696 3119 Charisius
715 3082 742 3133 p.
762 3070 805 3132 90,
827 3070 859 3119 14
877 3065 924 3119 K:
951 3065 1068 3134 ‘Anguis
1089 3082 1152 3120 cum
1175 3064 1213 3120 sit
1231 3063 1379 3118 masculini

233 3150 359 3220 generis,
387 3151 517 3206 dixerunt
539 3155 635 3208 tamen
658 3155 687 3207 et
708 3152 850 3221 feminini,
877 3155 911 3208 ut
933 3153 1074 3210 Tibullus:
1102 3153 1215 3209 iratae
1244 3154 1381 3209 detinet

234 3255 276 3293 an
304 3257 365 3294 urs.

281 3256 347 3386 g26.
367 3329 544 3384 Charisius
563 3350 590 3401 p.
610 3338 657 3401 87,
679 3339 709 3387 3:
735 3331 866 3400 ‘ideoque
886 3333 914 3386 et
932 3329 1060 3386 Tibullus
1083 3332 1137 3386 hoc
1159 3332 1251 3401 ipsum
1271 3331 1379 3387 erudite

236 3418 365 3486 custodit,
382 3435 444 3472 cum
455 3418 535 3473 dicit:
550 3419 795 3490 implicuitque
810 3419 917 3474 femur
932 3419 1066 3474 femini'
1083 3421 1212 3489 idemque
1222 3439 1248 3490 p.
1261 3427 1321 3489 130,
1331 3427 1379 3476 36:

238 3506 358 3562 ‘Femini
377 3507 518 3564 Tibullus:
537 3509 715 3579 implicuit
734 3509 825 3579 [‘que'
847 3508 909 3564 add.
928 3507 1085 3580 Fabricius]
1104 3509 1214 3563 femur
1237 3509 1378 3565 femini'

307 3687 374 3740 Vsu.
393 3707 467 3743 nucu.
505 3693 594 3742 9—14
616 3688 677 3742 aar.
704 3689 772 3742 Par.
794 3688 804 3757 11
826 3694 842 3741 9
865 3686 980 3757 prodest
1002 3687 1101 3742 molles
1125 3691 1146 3738 0
1171 3688 1253 3743 Pau:
1282 3689 1382 3743 molles

235 3775 351 3844 prodest
368 3778 490 3845 AVll10
513 3777 601 3847 Saepe
626 3779 654 3832 et
678 3781 699 3828 0
724 3777 805 3831 Pur:
831 3776 975 3844 Saepeque
999 3780 1050 3827 AV
1068 3776 1077 3844 ΙΙ
1099 3782 1130 3828 11
1151 3793 1232 3831 succo
1252 3780 1273 3827 0
1298 3793 1380 3840 succo

238 3864 305 3920 Par.
325 3881 354 3930 p:
373 3863 438 3918 fuco
456 3869 507 3917 AV
528 3866 596 3920 Par.
615 3884 633 3918 u
648 3868 652 3934 Ι
668 3882 755 3936 genas
780 3865 866 3918 Itali:
890 3880 983 3918 comas
1011 3868 1030 3916 0
1058 3865 1125 3918 Par.
1148 3865 1152 3933 Ι
1174 3881 1285 3919 ornasse
1310 3864 1383 3918 Itali

236 3969 365 4008 onerasse
384 3952 531 4023 Scaliperll
547 3959 580 4008 14
599 3953 710 4024 colligit
733 3958 765 4007 0:
790 3952 908 4022 colligat
933 3953 1118 4020 Par.1arcta
1137 3957 1156 4005 0
1178 3953 1246 4007 Par.
1263 3955 1267 4021 Ι
1283 3954 1379 4008 Arcta-

236 4058 289 4110 que
308 4041 475 4098 constrictos
493 4042 571 4112 cogit
588 4043 667 4097 aluta
684 4041 770 4112 pedes
788 4042 896 4096 Aldc'aa
914 4059 940 4096 a.
961 4043 1100 4111 15021117
1119 4041 1292 4110 pollentibus
1306 4043 1334 4110 (o
1349 4058 1382 4095 ec

235 4148 253 4185 a
270 4133 351 4199 corr.)
371 4135 403 4186 II:
426 4131 598 4202 pallentibus
617 4131 691 4201 ΔἿΙΙ
710 4135 742 4184 18
761 4130 847 4186 tacite
870 4134 893 4180 V
915 4149 950 4185 uc.
978 4132 1022 4200 211
1041 4137 1074 4186 26
1096 4130 1194 4184 femini
1217 4129 1325 4185 Statius
1350 4146 1383 4183 ecc

236 4220 363 4275 Charisia
385 4221 395 4289 11
416 4225 478 4293 post
501 4227 535 4276 26
558 4221 665 4275 iuraui
689 4235 785 4275 ueram
807 4236 868 4285 aec,
895 4221 943 4288 qui
967 4224 1032 4273 seuit
1054 4220 1086 4274 iu
1105 4224 1124 4272 0
1153 4220 1191 4273 IX
1210 4223 1327 4273 arr-44:
1347 4218 1381 4284 ef.

238 4309 311 4365 ‘Teu
331 4309 431 4364 Blae!
448 4327 479 4380 p.
498 4307 684 4378 80-8511111
703 4314 736 4362 39
756 4306 859 4363 faciam
877 4311 939 4361 AV:
961 4308 1067 4362 laceres
1086 4313 1108 4359 0
1126 4312 1151 4361 et
1168 4312 1191 4358 v
1213 4325 1246 4363 ra.
1268 4313 1283 4360 2
1302 4323 1354 4376 rap.
1376 4307 1379 4380 l

236 4399 274 4453 sis
292 4399 353 4469 ipse
371 4401 471 4468 potens
489 4401 602 4468 scripsi:
622 4396 676 4452 nisi
695 4401 724 4452 et
742 4395 802 4466 ipse
821 4395 895 4450 fores
910 4400 929 4448 0
943 4398 953 4466 ΙΙ
966 4402 1001 4450 40
1020 4395 1064 4450 Sit
1081 4401 1144 4450 AV:
1165 4395 1209 4450 Sic
1228 4399 1251 4447 0
1269 4394 1323 4450 Sed
1343 4411 1360 4453 ς
1377 4396 1380 4466 l

236 4487 274 4542 sit
292 4493 326 4543 (12
346 4507 371 4556 s;
390 4492 414 4542 Δ
433 4488 482 4543 sed
499 4492 523 4540 V
536 4488 546 4557 l
559 4494 593 4543 41
612 4485 694 4542 uobis
712 4483 829 4554 Statius,
848 4500 908 4554 epo:
925 4471 1020 4539 uerbis
1039 4489 1058 4537 0
