3294 5118
523 323 781 382 PANEGYRICUS
799 327 1001 381 Massiuae.
1296 325 1338 389 ’15

284 491 390 576 Atque
414 491 494 556 duae
519 491 626 577 gelido
649 494 821 556 uastantur
844 491 964 575 frigore
989 511 1126 575 semper:

284 599 353 664 Illic
377 603 410 663 et
432 599 532 663 densa
554 599 651 662 tellus
675 597 884 663 absconditur
906 597 1030 679 umbra,

196 721 246 770 155
283 706 328 771 Et
349 707 440 770 nulla
462 706 591 789 incepto
614 704 794 790 perlabitur
817 704 903 768 unda
926 703 1060 788 liquore,

284 810 347 877 Sed
371 812 486 878 durata
508 813 594 898 riget
618 811 752 876 densam
774 812 808 876 iu
831 812 1031 898 glaciemque
1054 809 1234 893 niuemque,

284 919 410 1004 Quippe
435 920 490 984 ubi
513 942 577 984 non
602 941 756 1004 umquam
779 919 876 984 Titan
900 941 996 1002 super
1019 917 1123 1000 egerit
1146 921 1245 981 ortus.

284 1026 329 1090 At
351 1027 458 1112 media
482 1029 531 1090 555
554 1026 675 1090 Phoebi
700 1047 825 1110 semper
848 1026 995 1091 subiecta
1020 1023 1129 1106 551511,

283 1131 345 1198 Seu
368 1135 500 1218 propior
522 1134 617 1196 terris
641 1134 802 1197 aestiuum
825 1132 927 1198 fertur
950 1133 985 1196 in
1008 1132 1120 1197 orbem

198 1256 248 1305 155
287 1237 348 1304 Seu
373 1242 456 1305 celer
478 1242 630 1306 hibernas
653 1243 807 1324 properat
830 1240 998 1304 decurrere
1022 1239 1128 1302 luces:

283 1346 359 1411 Non
382 1348 482 1433 igitur
505 1370 617 1432 presso
641 1349 736 1412 tellus
761 1348 905 1432 exsurgit
929 1351 1047 1430 515515,

282 1453 350 1518 Ν55
373 1453 501 1539 frugem
526 1459 650 1540 segetes
674 1454 831 1538 praebent
853 1476 957 1538 neque
980 1454 1100 1537 pabula
1122 1456 1242 1517 terrae:

283 1558 357 1624 Non
382 1561 448 1625 illic
472 1560 550 1625 colit
572 1583 650 1626 arua
674 1561 759 1640 deus,
783 1561 970 1626 Bacchusue
994 1559 1140 1643 Ceresue,

283 1664 383 1730 Nulla
406 1687 464 1730 nec
488 1670 627 1732 exustas·
641 1667 792 1731 habitant
815 1667 969 1732 animalia
991 1670 1109 1750 partes.

197 1788 248 1836 165
285 1771 421 1836 Fertilis.
437 1773 519 1838 hanc
543 1774 628 1838 inter
651 1774 759 1857 posita
782 1777 832 1838 est
854 1775 1002 1857 interque
1025 1774 1168 1858 rigentes

282 1877 466 1964 Nostraque
490 1882 523 1944 55
544 1879 619 1944 huic
643 1879 780 1944 aduersa
803 1879 873 1944 5515
897 1902 972 1963 pars
997 1880 1099 1944 515515
1121 1884 1243 1963 nostro,

284 1987 371 2063 Quas
396 1987 513 2051 surrilis
537 1987 699 2070 utrimque
722 1990 837 2051 tenens
861 1986 982 2050 uicinia
1004 1987 1085 2052 caeli

285 2093 467 2178 Temperat,
491 2094 574 2158 51551
597 2098 629 2158 55
652 2094 785 2158 51551155
809 2093 895 2158 51155
918 2097 1013 2158 115555
1036 2116 1107 2178 5511

196 2241 200 2248 -
285 2198 371 2262 Hinc
393 2199 537 2283 placidus
560 2200 655 2266 nobis
678 2221 736 2283 per
758 2202 906 2283 tempora
928 2199 1067 2264 uertitur
1090 2222 1213 2265 annus:

198 2322 248 2370 175
286 2305 372 2369 Hinc
397 2309 429 2371 55
452 2306 536 2370 55115
559 2307 636 2391 iugo
661 2307 773 2371 didicit
798 2307 989 2372 submittere
1012 2311 1127 2373 taurus

284 2413 329 2478 Et
350 2415 438 2477 lenta
462 2414 615 2478 excelsos·
629 2413 706 2477 uitis
730 2411 943 2478 conscendere
966 2434 1083 2498 1511155,

286 2518 513 2603 'laudaturque
537 2539 629 2603 seges
653 2524 799 2586 maturos
823 2542 931 2584 annua
954 2523 1076 2606 partus,

283 2627 328 2691 Et
350 2625 435 2690 ferro
458 2627 566 2711 tellus,
588 2629 709 2710 pontus
733 2627 929 2692 confinditur
953 2649 1035 2712 5515,

289 2733 373 2809 Quin
398 2733 495 2796 etiam
520 2733 651 2798 structis
676 2737 837 2818 exurgunt
861 2734 980 2818 oppida
1002 2736 1114 2800 muris.

198 2858 249 2906 175
287 2840 385 2926 Erga,
409 2839 464 2904 ubi
487 2862 545 2924 per
569 2842 673 2904 claros
697 2841 796 2908 ierint
818 2845 876 2904 tua
898 2841 986 2906 15555
1009 2842 1203 2925 triumphos„

286 2946 380 3011 Solus
404 2950 541 3032 utroque
564 2948 650 3012 idem
674 2948 791 3013 diceris
815 2969 954 3033 magnus
977 2949 1012 3012 in
1036 2950 1122 3015 orbe.

285 3053 361 3118 Non
385 3075 445 3139 ego
470 3076 541 3119 sum
565 3055 645 3120 satis
670 3055 710 3118 ad
733 3058 845 3120 5511555
868 3056 1041 3138 praeconia
1064 3056 1179 3140 laudis,

285 3161 359 3246 Ipse
383 3161 463 3225 mihi
486 3183 552 3226 non
577 3162 604 3225 si
628 3162 830 3246 praescribat
853 3163 998 3227 5511111115
1021 3162 1180 3229 Phoebus,

284 3268 345 3332 Est
369 3269 438 3352 tibi,
462 3269 517 3353 qui
541 3269 645 3352 possit
668 3268 796 3353 magnis
821 3291 856 3334 se
880 3270 1047 3355 accingere
1070 3272 1175 3354 rebus,

202 3391 253 3440 180
289 3375 446 3459 Ualgius:
467 3379 598 3440 aeterno
622 3375 755 3458 propior
776 3397 843 3439 non
867 3377 949 3439 alter
971 3375 1124 3441 Homero.

290 3481 458 3568 Languida
481 3503 549 3545 11511
572 3484 684 3545 noster
706 3481 835 3566 peragit
858 3482 951 3546 labor
975 3483 1050 3566 otia,
1074 3484 1222 3566 quamuis

287 3587 440 3673 Fortuna,
463 3593 499 3655 ut
521 3612 592 3656 mos
616 3589 746 3674 catilli,
769 3612 821 3654 me
845 3590 984 3655 aduersa
1007 3589 1133 3677 fatiget.

269 3764 336 3818 Vas.
357 3783 430 3820 uror.
469 3770 520 3819 154
539 3765 625 3821 denso
644 3771 667 3818 V
683 3764 963 3835 11111115511155155
984 3765 1122 3834 1151515511
1138 3770 1187 3820 157
1203 3782 1345 3834 nunquam

199 3860 221 3906 v
235 3857 245 3924 l
260 3860 308 3908 161
325 3853 412 3924 igitur
426 3858 459 3908 1²:
480 3871 546 3924 ergo
562 3859 580 3906 0
596 3858 601 3924 Ι
618 3855 744 3926 exsurgit
761 3861 782 3909 F
801 3854 911 3926 exurgit
926 3859 957 3908 02
977 3855 1119 3925 consurgit
1134 3870 1151 3912 ς
1164 3856 1174 3924 ΙΙ
1190 3861 1239 3910 162
1254 3870 1345 3923 neque

198 3948 231 3998 0:
255 3959 306 3998 nec
325 3957 342 4002 ς
367 3944 462 3998 Plaat.
477 3945 487 4013 l
502 3950 552 3998 163
571 3944 877 4014 5551111155Δ711165
897 3944 1020 4014 rigentes
1038 3959 1055 4002 ς
1077 3945 1184 4000 Placet:
1206 3943 1345 4017 rigentem

198 4038 217 4084 0
240 4031 250 4104 ΙΙ
275 4039 325 4087 167
349 4034 436 4102 115ῑ1ῆς
458 4030 627 4101 Gutrinque
652 4034 761 4087 Plorat:
784 4033 897 4102 utrique
921 4035 1059 4103 1711168
1080 4033 1203 4088 altero:
1227 4035 1346 4090 alteram

198 4124 339 4194 rlnecat
361 4124 446 4178 Itali:
464 4124 551 4192 neget
570 4126 589 4174 0
610 4122 705 4175 Plaat.
725 4123 734 4191 ll
755 4127 805 4176 160
824 4122 944 4177 uertitur
962 4140 1012 4177 om.
1032 4128 1066 4191 A,
1086 4123 1150 4178 add.
1169 4141 1202 4178 ra.
1222 4130 1238 4177 2
1261 4126 1271 4192 1
1294 4130 1345 4179 170

197 4213 269 4269 Hinc
288 4218 350 4266 GV:
369 4211 441 4267 Huic
455 4217 478 4264 A
491 4211 544 4265 Hie
559 4225 576 4268 ς
592 4211 686 4265 Plaat.
701 4213 711 4280 ΙΙ
726 4216 774 4264 171
790 4211 869 4266 lenta
883 4217 917 4266 A:
936 4213 995 4286 1555
1009 4218 1031 4265 G
1044 4213 1103 4268 1555
1116 4217 1140 4265 V
1152 4215 1162 4282 ss
1178 4220 1227 4268 173
1243 4216 1345 4270 55111111-

197 4302 273 4356 1115111
292 4317 308 4360 ς
330 4303 440 4357 Plura:
462 4300 642 4357 confunditur
661 4304 679 4351 0
699 4300 863 4368 (conii-{nd
884 4303 915 4368 0)
935 4301 1126 4357 conscinditur
1142 4319 1280 4372 suprascr.
1300 4323 1319 4371 ε
1337 4303 1346 4375 ll

199 4395 250 4445 174
270 4390 412 4461 exurgitat
430 4390 515 4460 opida
533 4392 672 4460 0711175
691 4390 847 4459 1151515155
862 4390 996 4460 Scaliger:
1015 4392 1176 4461 praeclaros
1191 4397 1210 4446 0
1227 4394 1321 4448 Plaat.
1339 4393 1343 4465 l

197 4477 281 4534 ierint
304 4485 337 4533 1²:
358 4483 474 4550 poscent
493 4485 512 4536 0
531 4479 630 4537 sierint
647 4481 868 4549 Lachmaaarsl
883 4485 931 4535 181
953 4479 1015 4535 ocia
1034 4483 1083 4533 07
