3294 5118
293 347 337 408 44
678 349 822 402 TIBULLl
842 349 909 404 LlB.
929 349 961 403 Π.
983 355 1006 405 3.
1027 355 1051 404 4.

311 527 344 574 70
383 509 409 573 0
434 512 566 576 ualeant
589 513 709 598 fruges,
732 535 773 577 ne
798 514 863 578 sint
886 513 982 577 modo
1006 534 1079 577 rure
1102 513 1243 598 puellae:

426 617 527 682 Glans
552 621 627 705 alat,
652 624 684 685 et
705 620 812 704 prisco
837 641 926 684 more
952 620 1107 683 bibantur
1131 643 1242 704 aquae.

383 724 482 790 Glans
509 726 589 790 aluit
611 728 746 806 ueteres,
771 729 803 789 et
825 726 948 810 passim
973 749 1099 810 semper
1119 733 1285 794 amarunt:

427 831 510 908 Quid
533 833 645 898 nocuit
667 834 775 898 sulcos
798 855 866 898 non
888 834 1043 898 habuisse
1068 835 1180 899 satos?

382 940 481 1024 Tunc,
505 940 620 1024 quibus
646 941 813 1023 aspirabat
834 940 945 1024 Amor,
968 941 1146 1024 praebebat
1170 944 1279 1025 aperte

311 1061 343 1112 75
426 1045 516 1110 Mitis
543 1046 577 1109 in
600 1047 755 1111 umbrosa
778 1047 897 1132 gaudia
919 1048 1003 1111 ualle
1026 1046 1146 1112 Uenus.

380 1151 498 1218 Nullus
522 1156 591 1217 erat
615 1157 733 1238 custos,
757 1155 847 1218 nulla
870 1154 1038 1219 exclusura
1062 1154 1206 1218 dolentes
1306 1202 1314 1216 .

425 1261 543 1325 Ianua:
569 1262 597 1326 si
620 1262 670 1326 fas
695 1265 753 1346 est,
777 1284 848 1326 mos
871 1284 985 1345 precor
1009 1263 1062 1327 ille
1085 1263 1163 1326 redi.

425 1473 568 1539 Horrida
590 1474 709 1540 uillosa
733 1499 869 1560 corpora
892 1481 983 1542 ueste
1002 1481 1124 1562 tegant.

380 1579 475 1645 Nunc
499 1581 525 1644 si
549 1581 659 1646 clausa
682 1605 754 1647 mea
777 1587 835 1670 est,
860 1586 886 1649 si
911 1585 1005 1669 copia
1027 1608 1101 1648 rara
1125 1583 1265 1666 uidendi,

313 1705 347 1753 80
428 1687 501 1752 Heu
525 1688 688 1773 miserum,
712 1690 821 1755 laxam
844 1691 920 1774 quid
944 1691 1035 1755 iuuat
1059 1715 1129 1756 esse
1152 1689 1286 1776 togam?

382 1796 515 1861 Ducite:
540 1796 580 1860 ad
604 1792 775 1880 imperium
800 1799 948 1864 dominae
974 1799 1169 1867 sulcabimus
1194 1819 1306 1882 agros:

426 1903 502 1968 Non
527 1925 586 1988 ego
610 1927 662 1969 me
685 1905 801 1970 uinclis
826 1907 1077 1992 uerberibusque
1101 1927 1194 1991 nege.

759 2077 972 2095 -l--—----.

835 2230 896 2302 IV.

382 2367 445 2432 Hic
465 2367 545 2437 mihi
569 2369 738 2435 seruitium
761 2369 853 2434 uideo
878 2370 1106 2452 dominamque
1129 2373 1294 2452 paratam:

427 2474 498 2538 Iam
522 2476 611 2558 mihi,
635 2476 768 2540 libertas
792 2477 848 2540 illa
871 2480 1015 2560 paterna,
1039 2477 1120 2540 uale.

383 2579 558 2646 Seruitium
582 2583 638 2646 sed
661 2583 756 2647 triste
780 2583 882 2666 datur,
906 2587 1081 2675 teneorque
1104 2583 1235 2662 catenis,

427 2688 472 2753 Et
494 2711 670 2772 numquam
695 2690 812 2754 misero
836 2690 944 2754 uincla
967 2691 1105 2755 remittit
1128 2691 1238 2769 Amor,

331 2811 347 2859 5
379 2795 424 2860 nt
448 2818 504 2860 seu
529 2796 606 2879 quid
628 2795 731 2860 merui
751 2819 807 2861 seu
832 2797 907 2880 quid
931 2797 1146 2879 peccauimus,
1168 2796 1243 2860 urit.

427 2901 513 2967 Uror
536 2904 581 2968 io:
605 2925 745 2982 remoue,
769 2891 867 2968 saeua
890 2905 1006 2987 puella,
1029 2903 1126 2968 faces.

384 3009 411 3074 Ο
436 3030 496 3093 ego
519 3032 560 3072 ne
583 3010 706 3092 possim
730 3011 812 3074 tales
836 3012 956 3075 sentire
981 3010 1116 3092 dolores,

397 3166 398 3170 ,
428 3115 532 3191 Quam
555 3115 688 3183 mallem
711 3117 745 3179 in
769 3116 885 3201 gelidis
909 3117 1074 3181 montibus
1099 3139 1169 3180 esse
1193 3117 1286 3201 lapis,

384 3220 478 3286 Stare
502 3223 554 3286 uel
577 3221 701 3285 insanis
726 3224 835 3286 cautes
860 3223 1007 3298 obnoxia
1023 3224 1138 3305 uentis,
1253 3205 1254 3210 ἵ

315 3337 347 3395 10
428 3329 599 3414 Naufraga
623 3351 719 3412 quam
743 3329 829 3393 uasti
853 3329 1003 3393 tunderet
1026 3329 1112 3394 unda
1136 3330 1248 3395 maris!

366 3526 435 3579 Van,
454 3545 527 3578 anor.
566 3530 598 3579 71
619 3525 648 3578 et
666 3540 725 3593 sup.
746 3524 796 3578 tia.
815 3525 878 3578 add.
898 3528 922 3575 Δ
934 3525 944 3592 ΙΙ
959 3529 992 3577 74
1011 3523 1089 3577 Tunc
1105 3527 1136 3575 0:
1156 3524 1227 3577 Tum
1243 3539 1259 3580 ς
1273 3526 1282 3591 ΙΙ
1297 3530 1329 3578 'it
1344 3523 1440 3578 dolen-

295 3617 351 3684 tes3
371 3617 418 3672 ait.
438 3633 452 3670 e
471 3616 503 3668 ia
520 3613 531 3667 i
549 3631 582 3668 rn.
605 3621 617 3667 1
639 3630 707 3668 corr.
726 3615 772 3683 Vll
787 3620 819 3668 77
836 3629 895 3666 curo
911 3618 943 3666 78
958 3613 1124 3666 coitaerctia
1138 3617 1200 3679 AV;
1221 3618 1308 3682 Arnp.
1324 3631 1342 3667 a
1356 3629 1441 3667 runnu

291 3707 379 3776 porto
393 3705 539 3759 recentiore
553 3702 722 3772 adscriptum
738 3701 759 3755 Ο
776 3701 883 3755 utinam
897 3699 987 3754 ueteri
1005 3704 1187 3771 peragrantes
1206 3719 1282 3756 more
1297 3702 1399 3771 puelle.
1419 3706 1440 3754 G

296 3794 474 3848 detortitium
497 3799 510 3845 1
541 3793 628 3846 tiarae
654 3793 777 3862 reliquit,
805 3791 837 3844 ia
860 3806 912 3859 quo
936 3808 966 3855 g:
997 3789 1018 3843 Ο
1042 3790 1159 3845 ualeant
1182 3791 1273 3846 cultus
1298 3792 1326 3846 ct
1349 3791 1437 3865 tinctq

297 3881 402 3936 murice
416 3881 490 3954 lane,
505 3898 581 3951 quem
595 3899 622 3936 a.
633 3886 696 3935 teste
708 3881 811 3934 Paccio
828 3880 973 3934 Portunus
987 3879 1115 3948 reposuit.
1131 3881 1183 3934 otii
1198 3881 1256 3936 ctio
1271 3884 1312 3950 (at
1326 3879 1439 3936 Seneca:
1516 3884 1518 3887 ’

297 3973 341 4025 Ah
360 3971 475 4040 percant
492 3972 566 4044 artes
586 3972 614 4024 et
633 3969 729 4023 mollia
747 3963 820 4023 rura
831 3968 951 4035 colendi)
970 3969 1133 4037 supplerunt
1146 3969 1156 4038 ΙΙ
1169 3974 1203 4023 80
1222 3968 1302 4023 iuuet
1318 3974 1341 4021 Δ

370 4061 416 4115 IV.
455 4059 640 4128 Conqueritur
659 4059 692 4112 de
710 4059 825 4113 Namesi
843 4059 872 4113 et
896 4058 957 4130 [om.
977 4059 1012 4130 V]
1033 4059 1109 4127 quod
1132 4058 1169 4112 sit
1193 4057 1296 4114 amoris
1320 4057 1440 4113 uinculis

298 4151 448 4204 innodatus
466 4149 596 4218 quodque
614 4165 670 4203 non
694 4147 802 4217 prosint
824 4165 910 4202 muse.
936 4147 985 4201 sed
1007 4147 1115 4217 premia
1137 4148 1237 4217 poscat
1260 4147 1375 4201 amasia.
1413 4148 1442 4200 et

298 4240 445 4310 poscentes
463 4237 555 4310 pretia
574 4239 701 4308 [munera
719 4237 753 4308 V]
774 4240 927 4293 execratur.
946 4237 1006 4291 aea,
1024 4242 1075 4289 AV
1088 4238 1098 4307 tt
1113 4245 1126 4290 1
1144 4237 1188 4291 Sic
1202 4240 1252 4288 AG
1270 4236 1299 4290 Ic
1313 4240 1344 4304 V,
1359 4253 1441 4305 prae-

298 4331 357 4398 ficta
376 4347 388 4383 s
407 4330 458 4384 litt.
474 4346 499 4382 a.
514 4345 547 4382 ra.
563 4334 578 4382 2
593 4328 603 4397 l
617 4333 632 4381 2
647 4328 765 4396 paterna
779 4331 800 4379 G
815 4331 850 4395 (et
863 4331 886 4378 V
900 4343 933 4380 m.
949 4329 989 4398 2):
1005 4328 1121 4396 paterne
1135 4329 1186 4377 AV
1200 4343 1233 4379 m.
1250 4331 1263 4378 1
1279 4328 1289 4395 ΙΙ
1302 4332 1318 4379 3
1333 4327 1441 4381 teneor-

298 4435 352 4488 que
371 4436 404 4472 crr
421 4420 574 4486 teneroque
592 4435 626 4472 m.
646 4423 661 4470 2
677 4431 744 4470 corr.
764 4421 787 4468 V
800 4418 840 4486 114
859 4416 985 4474 remittet
1003 4419 1030 4484 0,
1050 4432 1117 4470 corr.
1139 4417 1178 4484 Sl
1194 4420 1226 4469 10
1244 4413 1319 4468 uasti
1337 4418 1371 4468 G:
1390 4431 1441 4471 ort.

298 4513 321 4560 Δ
338 4525 372 4563 ra.
393 4513 417 4577 1,
436 4506 555 4562 uitreiv
573 4513 636 4562 m.1
658 4508 691 4576 (Δ
709 4524 742 4563 ra.
763 4511 778 4559 2
798 4504 880 4560 uitrei
900 4507 1037 4573 additam,
1056 4508 1079 4556 V
1098 4522 1131 4558 ra.
1151 4510 1167 4557 2
1186 4520 1237 4573 rap.
1256 4503 1342 4573 uasti)
