3294 5118
691 330 836 384 TIBULLI
855 331 923 384 LIB.
942 331 962 384 Ι.
984 337 1008 385 9.

812 497 873 568 ΙΧ.

361 616 445 692 Quid
469 616 558 695 mihi,
584 617 611 681 si
636 618 741 681 fueras
766 617 902 681 miseros
925 617 1070 682 laesurus
1095 640 1231 702 amores,

403 722 548 788 Foedera
570 745 628 807 per
651 724 753 807 diuos,
777 725 862 788 olam
884 723 1045 809 uiolanda,
1069 725 1195 789 dabas?

359 830 389 894 A
413 831 520 916 miser,
543 834 577 895 et
600 831 702 916 siquis
725 832 830 914 primo
854 831 995 914 periuria
1018 833 1111 916 celat,

404 935 491 1020 Sera,
514 940 624 1002 tamen
646 939 755 1003 tacitis
779 960 884 1022 poena
907 939 997 1002 uenit
1019 939 1164 1022 pedibus.

288 1062 304 1108 1
342 1045 479 1142 Pareite,
503 1045 673 1109 caelestes:
697 1067 835 1130 aequum
859 1048 908 1109 est
929 1045 1062 1128 impune
1085 1045 1181 1109 licere

401 1149 544 1215 Numina
566 1151 718 1216 formosis
741 1153 867 1216 laedere
890 1156 1001 1216 uestra
1024 1153 1131 1216 semel.

358 1257 462 1322 Lucra
484 1262 600 1342 petens
623 1258 727 1323 habili
750 1262 863 1324 tauros
888 1259 1035 1344 adiungit
1058 1261 1166 1324 aratro

402 1364 448 1428 Et
471 1365 587 1428 durum
610 1367 716 1456 terrae
740 1365 879 1430 rusticus
904 1369 1000 1449 urget
1023 1387 1114 1449 opus,

360 1470 466 1535 Lucra
489 1470 646 1554 petituras
670 1470 754 1535 freta
776 1494 834 1554 per
857 1472 1006 1555 parentia
1027 1474 1134 1536 uentis

290 1593 323 1641 10
403 1576 537 1642 Ducunt
560 1579 728 1643 instabiles
752 1580 857 1643 sidera
880 1583 969 1644 certa
991 1582 1091 1644 rates:

359 1683 548 1749 Muneribus
571 1706 661 1748 meus
686 1687 735 1748 est
758 1689 871 1768 captus
895 1707 984 1768 puer.
1018 1690 1053 1750 at
1075 1687 1153 1752 deus
1176 1687 1233 1751 illa

401 1790 440 1854 In
464 1791 605 1855 cinerem
629 1797 662 1857 et
685 1791 826 1876 liquidas
850 1814 983 1856 munera
1005 1796 1113 1856 uertat
1136 1816 1246 1877 aquas.

359 1895 429 1959 Iam
452 1897 532 1960 mihi
556 1897 721 1980 persoluet
743 1919 873 1981 poenas,
896 1898 1068 1984 puluisque
1093 1898 1241 1964 decorem
1345 1885 1348 1894 λ

401 2001 561 2069 Detrahet
584 2007 617 2068 et
639 2004 746 2068 uentis
769 2003 900 2069 horrida
922 2004 1011 2070 faeta
1034 2028 1135 2090 coma,

288 2125 319 2173 15
357 2108 478 2174 Uretur
500 2110 611 2196 faties,
634 2115 768 2175 urentur
792 2112 859 2176 sole
882 2112 1000 2196 capilli,

401 2216 535 2282 Deteret
558 2218 722 2283 inualidos
746 2221 779 2282 et
802 2219 857 2282 uia
879 2219 978 2304 longa
1000 2221 1106 2303 pedes.

325 2321 329 2329 “
356 2323 521 2389 Admonui
544 2325 706 2408 quotiens:
731 2323 821 2390 ‘auro
845 2347 885 2391 ue
907 2326 1016 2409 pollue
1039 2327 1192 2392 formam:

401 2430 504 2515 Saepe
528 2431 638 2497 solent·
657 2453 735 2496 auro
759 2432 863 2495 multa
887 2433 1017 2497 subesse
1042 2435 1137 2498 mala

356 2536 490 2604 Diuitiis
514 2540 629 2621 eaptus
654 2537 754 2622 siquis
779 2538 917 2603 uiolauit
940 2562 1093 2625 amorem,

285 2661 319 2710 20
403 2647 592 2730 Asperaque
616 2647 666 2708 est
688 2644 739 2708 illi
762 2643 967 2729 difficilisque
989 2644 1110 2711 Uenus.

356 2750 422 2816 Ure
445 2773 553 2817 meum
576 2752 685 2835 potius
708 2749 841 2816 flamma
863 2753 960 2835 eaput
984 2756 1016 2816 et
1038 2755 1112 2835 pete
1135 2753 1220 2820 ferro

402 2857 526 2943 Corpus
551 2862 584 2924 et
607 2860 729 2924 intorto
753 2860 887 2923 uerbere
910 2861 1004 2943 terga
1028 2881 1109 2925 seca.

354 2966 423 3032 Neo
446 2966 507 3031 tibi
530 2966 655 3030 celandi
678 2987 751 3049 spes
775 2965 819 3030 sit
841 2981 973 3050 peceare
995 2968 1137 3050 paranti:

399 3073 462 3138 Est
485 3072 572 3156 deus,
596 3072 740 3136 occultos
764 3073 818 3156 qui
841 3075 933 3136 uetat
956 3094 1025 3136 esse
1049 3073 1148 3139 dolos.

286 3196 319 3245 25
356 3179 430 3266 Ipse
453 3179 531 3244 deus
554 3180 654 3244 tacito
678 3178 827 3263 permisit
849 3179 919 3242 lene
944 3179 1103 3264 ministro,

336 3321 405 3375 Vm.
426 3341 498 3374 taor.
536 3318 583 3373 IX.
620 3317 723 3373 Dileati
741 3318 821 3388 pueri
839 3319 922 3373 fidem
941 3318 1032 3389 pretio
1051 3323 1213 3390 corruptam
1232 3322 1411 3391 conqueritur

265 3412 354 3466 multa
377 3411 518 3466 deuouens
540 3409 571 3464 in
594 3426 666 3464 eum.
702 3409 763 3463 Ros,
800 3413 858 3464 AV.
896 3409 996 3480 Elegia
1020 3409 1073 3463 ·IX·
1098 3415 1119 3462 (1
1141 3428 1176 3465 m.
1195 3428 1246 3466 ree.
1270 3413 1336 3466 1112
1360 3413 1409 3467 lia.

261 3501 366 3555 iaterst.
385 3501 395 3570 ΙΙ
415 3507 428 3554 1
449 3501 569 3567 amores]
590 3518 603 3554 s
621 3517 655 3555 m.
674 3505 690 3552 2
710 3500 775 3554 adet.
794 3504 817 3550 V
834 3501 844 3569 ΙΙ
862 3506 887 3568 3,
907 3506 923 3554 4
945 3500 1007 3554 bat.
1034 3500 1102 3553 Par.
1120 3501 1130 3569 ΙΙ
1149 3506 1163 3554 3
1183 3499 1228 3553 Ah
1247 3504 1296 3552 GV
1319 3500 1363 3555 Ha
1387 3505 1410 3552 A

264 3591 333 3645 Par.
350 3591 354 3659 Ι
371 3591 400 3644 et
414 3588 500 3658 siquis
516 3593 548 3642 02
564 3589 618 3643 etsi
632 3589 694 3657 quis
707 3606 734 3657 g,
748 3592 772 3640 V
781 3594 841 3643 m.2
857 3589 900 3642 est
914 3587 938 3642 si
952 3587 1014 3656 quis
1030 3587 1098 3641 Par.
1113 3588 1224 3655 117-10
1239 3590 1300 3644 aar.
1317 3589 1386 3644 Par.
1401 3589 1410 3661 t

263 3685 280 3732 8
303 3680 405 3748 urguet
427 3683 449 3729 (1
470 3680 480 3746 ΙΙ
504 3684 519 3731 9
543 3677 679 3746 petituras
704 3683 725 3730 (1
750 3677 818 3731 Par.
848 3679 882 3747 (et
905 3680 928 3726 V
950 3693 984 3730 m.
1011 3678 1052 3746 2):
1080 3676 1217 3746 petituros
1241 3682 1292 3730 AV
1311 3695 1345 3732 m.
1366 3685 1380 3732 1
1401 3677 1410 3750 Η

265 3774 298 3822 18
317 3767 417 3822 baberet
434 3767 510 3820 Fris,
525 3768 535 3836 ΙΙ
551 3773 582 3821 19
603 3766 719 3821 Diuiciis
737 3771 760 3817 A
785 3765 807 3819 O
827 3764 907 3819 uioiis
931 3766 1010 3834 (corr.
1029 3781 1081 3834 my.
1101 3783 1134 3819 m.
1155 3769 1182 3835 2)
1201 3770 1224 3816 V
1242 3768 1252 3836 ΙΙ
1271 3773 1303 3820 21
1324 3767 1410 3821 flama

264 3857 403 3926 (111123,
422 3861 457 3908 24
479 3855 542 3909 bat.
563 3855 631 3910 Par.
650 3857 660 3925 ΙΙ
678 3861 712 3908 23
736 3853 846 3907 celandi
865 3870 928 3922 spes
949 3852 1031 3908 Par:
1056 3855 1160 3910 celanti
1178 3855 1220 3910 fas
1240 3858 1259 3906 0
1278 3855 1288 3924 ΙΙ
1306 3860 1340 3908 24
1358 3854 1410 3908 nst

266 3947 348 4000 Para
373 3943 580 4012 1110111111
606 3943 686 3998 Para
712 3942 791 3996 uetet
818 3946 845 3997 0.
869 3947 950 3996 eram
977 3947 1068 3996 tamea
1092 3944 1141 4012 qai
1162 3944 1258 3997 boram
1280 3957 1409 3998 aereaam

265 4033 478 4089 emendationem
496 4033 530 4087 ab
549 4037 735 4101 excerptorem
749 4032 886 4086 redemtore
904 4046 961 4085 aaa
973 4037 1017 4085 sat
1034 4032 1150 4098 feliciter
1163 4033 1313 4101 perfectam
1327 4037 1408 4087 aeta-

264 4129 349 4190 meat3
373 4127 398 4177 et
415 4122 500 4177 malta
519 4123 620 4176 tertiare
638 4121 753 4175 remedio
772 4121 855 4190 tepere
872 4121 964 4189 possis
988 4121 1059 4175 siae:
1081 4137 1134 4176 nea
1156 4121 1209 4176 tibi
1233 4121 1344 4176 celandi
1365 4121 1409 4176 fas

264 4213 314 4281 sit,
333 4229 449 4282 peceare
467 4211 579 4280 paranti
593 4211 651 4265 Sist
668 4213 712 4277 (=
729 4209 867 4279 siquidem
885 4211 939 4280 est)
957 4210 1034 4279 deus,
1053 4212 1177 4266 oaoultos
1191 4209 1239 4279 qui
1253 4212 1330 4264 uetet
1349 4226 1408 4264 esse

265 4302 345 4358 dolos
363 4302 435 4356 siae:
454 4319 481 4354 n.
500 4303 521 4356 t.
541 4318 563 4356 a.
583 4300 601 4353 f.
622 4301 670 4354 sit:
690 4318 717 4369 p.
736 4318 763 4370 p.
784 4299 848 4354 Stat
865 4300 933 4354 deus
953 4316 978 4354 ο.
997 4318 1024 4368 q.
1044 4319 1070 4354 u.
1090 4319 1113 4356 e.
1132 4301 1158 4355 d.
1181 4301 1247 4368 1125
1271 4300 1334 4355 leue
1358 4304 1408 4352 AV

265 4393 339 4462 (lene
361 4395 384 4441 V
406 4407 441 4446 m.
465 4391 492 4459 2)
515 4389 577 4462 lene
602 4394 622 4440 G
645 4389 711 4443 lena
734 4391 777 4444 aei
799 4390 864 4444 leue
887 4406 903 4446 ς
927 4405 1011 4459 saepe
1035 4391 1107 4443 Itali
1124 4389 1189 4442 uela
1207 4389 1330 4458 Seaiiper
1348 4390 1409 4444 lora

266 4481 416 4536 Samenias
433 4479 512 4534 frena
530 4479 688 4534 Hasctieim
707 4495 798 4533 nonne
816 4478 1012 4532 Laebmamms
1031 4477 1128 4547 lingua
1145 4477 1276 4548 Ripterae
