3316 5114
744 320 891 375 TIBULLI
912 321 979 374 LIB.
999 322 1019 374 I.
1040 327 1063 374 1.

462 481 531 547 Nec
555 503 681 565 semper
704 482 821 567 longae
845 482 971 546 deditus
995 504 1065 546 esse
1088 482 1171 565 uiae,

422 587 484 653 Sed
507 587 605 654 Oanis
630 591 770 655 aestiuos
795 593 884 655 ortus
909 590 1014 654 uitare
1039 589 1098 654 sub
1122 589 1238 653 umbra

462 694 598 760 Arboris
624 695 664 759 ad
687 697 793 762 riuom
816 697 1052 780 praetereuntis
1077 717 1187 778 aquae.

416 801 485 867 Nec
507 806 618 866 tamen
639 803 800 867 interdum
823 804 944 886 pudeat
966 805 1109 868 tenuisse
1132 802 1298 866 bidentem

348 925 382 972 30
465 907 534 972 Aut
558 910 689 975 stimulo
713 910 824 976 tardos
847 911 1044 994 increpuisse
1067 911 1177 992 boues,

417 1013 492 1080 Non
516 1038 676 1102 agnamue
700 1018 773 1082 sinu
796 1017 908 1102 pigeat
930 1017 1074 1081 fatumue
1098 1015 1240 1100 capellae

461 1119 635 1186 Desertum
658 1124 762 1189 oblita
784 1128 888 1188 matre
911 1123 1029 1187 refer're
1053 1123 1193 1186 domum.

418 1225 479 1313 (At
499 1251 557 1294 uos
581 1230 696 1315 exiguo
719 1230 837 1314 pecori,
861 1229 1011 1313 furesque
1034 1229 1175 1313 lupique,

458 1322 603 1400 Parcite:
628 1336 666 1399 de
689 1357 809 1421 magno
834 1340 884 1400 est
906 1336 1027 1421 praeda
1049 1336 1188 1419 petenda
1211 1357 1322 1421 grege:

349 1458 382 1505 35
420 1441 483 1507 Hic
507 1461 567 1527 ego
590 1445 817 1526 pastoremque
841 1466 947 1507 meum
969 1445 1108 1508 lustrare
1132 1443 1304 1525 quotannis

350 1565 383 1613 30
465 1548 510 1612 Et
532 1548 693 1632 placidam
718 1550 807 1614 soleo
832 1571 985 1635 spargere
1008 1550 1093 1613 lacte
1116 1545 1256 1634 Palem);

364 1653 492 1738 ‘lipsa
517 1676 621 1718 seram
644 1657 772 1718 teneras
796 1657 923 1720 maturo
947 1658 1092 1738 tempore
1116 1656 1200 1720 uites

462 1749 618 1826 Rusticus
642 1765 675 1825 et
698 1761 786 1825 facili
810 1761 946 1847 grandia
968 1783 1067 1844 poma
1089 1785 1196 1826 manu.

416 1867 485 1932 Nec
505 1865 585 1951 Spes
609 1868 773 1951 destituat,
797 1868 852 1932 sed
875 1867 1006 1953 frugum
1031 1890 1157 1954 semper
1180 1893 1313 1935 aceruos

349 1991 381 2038 10
462 1974 624 2040 Praebeat
646 1980 679 2039 et
701 1976 798 2058 pleno
821 1975 957 2060 pinguia
979 1978 1089 2040 musta
1107 1977 1187 2042 lacu.

416 2080 503 2145 Nam
526 2105 678 2162 ueneror,
703 2105 758 2146 seu
778 2082 879 2166 stipes
902 2082 1002 2146 habet
1025 2083 1170 2146 desertus
1194 2083 1228 2146 in
1248 2085 1335 2169 agris

463 2186 526 2252 Seu
549 2193 642 2254 uetus
666 2190 701 2253 in
719 2189 818 2252 triuio
841 2187 957 2252 florida
981 2192 1068 2252 serta
1090 2190 1189 2272 lapis:

416 2295 461 2359 Et
484 2295 704 2380 quodcumque
728 2296 809 2360 mihi
831 2317 964 2378 pomum
987 2317 1092 2360 nouus
1117 2296 1231 2361 educat
1253 2319 1366 2381 annus,

313 2478 323 2490 .
462 2401 616 2467 Libatum
641 2404 818 2488 agricolam
840 2403 973 2486 ponitur
996 2406 1071 2466 ante
1095 2404 1200 2468 deum.

347 2523 379 2571 15
417 2507 521 2572 Flauo
545 2507 650 2592 Ceres,
674 2509 736 2573 tibi
759 2509 797 2572 fit
819 2512 931 2574 nostro
955 2508 993 2572 de
1016 2531 1090 2573 rure
1114 2531 1233 2574 corona

465 2613 589 2699 Spicea,
613 2597 693 2700 quae
716 2615 832 2698 templi
854 2614 995 2698 pendeat
1018 2618 1092 2679 ante
1116 2615 1214 2698 fores3

416 2719 628 2806 Pomosisque
651 2722 748 2786 ruber
771 2726 881 2786 custos
905 2721 1044 2787 donatur
1067 2723 1100 2786 in
1124 2723 1237 2806 hortis,

461 2828 595 2893 Terreat
618 2832 654 2892 ut
678 2851 775 2893 saeua
798 2829 882 2914 ¹falce
905 2828 1043 2913 Priapus
1068 2851 1153 2894 aues.

416 2933 486 3000 Uos
510 2957 645 3020 quoque,
668 2936 770 3000 felicis
795 2936 956 3019 quondam
980 2958 1065 3000 nune
1087 2935 1238 3020 pauperis
1263 2934 1332 3020 agri

345 3057 379 3105 20
463 3040 631 3126 Custodes
649 3043 742 3108 fertis
766 3065 900 3107 munera
923 3046 1043 3127 uestra,
1062 3043 1170 3106 Lares.

417 3147 508 3212 Tunc
526 3148 631 3212 uitulo
653 3149 838 3214 innumeros
862 3150 1024 3214 lustrabat
1047 3171 1141 3214 caesa
1164 3149 1330 3214 iuuencos:

461 3253 556 3319 Nunc
580 3277 666 3340 agna
690 3257 798 3342 exigui
818 3260 866 3320 est
888 3256 998 3321 hostia
1020 3278 1121 3339 parua
1146 3257 1214 3320 soli.

417 3360 515 3446 Agna
539 3349 629 3426 cadit
647 3363 751 3447 uobis,
775 3385 870 3446 quam
895 3363 1015 3428 circum
1038 3365 1160 3428 rustica
1182 3365 1285 3448 pubes

345 3485 379 3532 24
462 3467 589 3532 Clamet
613 3467 656 3534 ‘io
680 3491 801 3534 messes
826 3474 858 3534 et
881 3471 969 3536 bona
991 3469 1069 3534 uina
1092 3470 1187 3535 date'.

398 3716 465 3770 Vna.
489 3737 562 3770 incr.
604 3722 637 3772 27
667 3717 788 3772 aestiuos
814 3716 887 3770 iotus
914 3715 1056 3769 Beutleu‘us
1083 3717 1121 3769 ud
1144 3715 1214 3770 Hor.
1238 3721 1289 3770 soi.
1313 3717 1325 3769 I
1349 3715 1472 3787 ⁶212⁶ll

327 3811 360 3859 28
379 3804 470 3860 riuom
484 3807 593 3874 scripsi:
609 3806 685 3861 riuos
700 3811 719 3858 0
736 3805 804 3860 Par.
819 3805 912 3859 riuum
925 3805 1130 3891 Buruauuusll
1144 3810 1177 3857 29
1192 3803 1334 3858 bidentem
1350 3813 1370 3858 0
1387 3805 1470 3860 Pur:

326 3894 454 3949 bidentes
476 3899 499 3946 V
521 3895 650 3949 ludentes
673 3900 696 3947 Δ
719 3896 728 3964 ll
751 3902 784 3949 32
809 3895 913 3948 donum
936 3897 959 3944 V
981 3896 990 3963 ΙΙ
1013 3899 1047 3946 34
1067 3895 1146 3947 est'0
1169 3893 1236 3949 Pur.
1260 3913 1289 3947 n:
1314 3910 1364 3948 cru.
1384 3894 1471 3958 Fris,

328 4018 396 4074 Par.
411 4037 427 4085 p
441 4021 451 4089 ll
465 4027 479 4074 7
495 4019 583 4074 feram
602 4021 670 4075 Por.
685 4020 694 4088 ll
709 4025 739 4072 11
756 3994 872 4073 venerit
886 4021 930 4086 011
945 4024 977 4072 12
997 4016 1096 4072 florida
1111 4024 1141 4072 0:
1162 4019 1248 4074 florea
1262 4035 1278 4077 ς
1292 4021 1302 4090 ll
1317 4026 1349 4073 13
1366 4020 1470 4073 donum

325 4108 359 4164 L.
380 4109 532 4164 Muellerus
545 4112 555 4180 ΙΙ
575 4117 607 4164 14
631 4109 784 4180 agricolam
804 4139 837 4147 -
857 4108 940 4162 deum
960 4107 1093 4162 Pueeius:
1113 4108 1276 4178 agricol(a)e
1294 4140 1330 4147 —
1348 4108 1431 4161 deum
1452 4112 1470 4159 0

325 4196 466 4266 agricolae
490 4229 522 4238 —
547 4198 599 4252 deo
622 4199 751 4252 Murrius
772 4198 782 4266 ll
807 4202 839 4251 15
863 4196 895 4250 fit
917 4196 1083 4266 Lambinus,
1106 4198 1140 4254 L.
1164 4198 1327 4264 Frutcrius‚
1352 4212 1410 4265 eqo:
1435 4197 1472 4250 sit

326 4291 344 4338 0
368 4287 377 4355 ll
401 4293 433 4340 17
461 4288 555 4341 Rubor
586 4286 647 4340 bob.
676 4285 753 4340 Fris.
779 4288 783 4354 Ι
808 4286 927 4341 donatur
959 4285 1124 4352 Lambinus,
1157 4286 1190 4340 L.
1219 4285 1382 4353 Fruterius,
1410 4303 1470 4354 opo:

324 4376 446 4444 ponatur
470 4379 488 4426 0
511 4376 520 4443 ΙΙ
544 4378 577 4427 19
600 4372 690 4426 felicis
714 4378 775 4428 GV:
804 4373 899 4428 felices
923 4378 946 4425 Δ
968 4375 977 4442 ΙΙ
1001 4379 1034 4426 23
1059 4373 1135 4428 eadit
1167 4376 1279 4442 scripsi:
1309 4374 1391 4428 cadet
1418 4379 1437 4426 0
1461 4373 1470 4446 ll

324 4469 360 4518 24
379 4462 529 4516 Clamatv
