<?xml version="1.0" encoding="UTF-8"?>
<!DOCTYPE html PUBLIC "-//W3C//DTD XHTML 1.0 Transitional//EN"
    "http://www.w3.org/TR/xhtml1/DTD/xhtml1-transitional.dtd">
<html xmlns="http://www.w3.org/1999/xhtml" xml:lang="en" lang="en">
 <head>
  <title>
</title>
<meta http-equiv="Content-Type" content="text/html;charset=utf-8" />
  <meta name='ocr-system' content='tesseract 3.04.00' />
  <meta name='ocr-capabilities' content='ocr_page ocr_carea ocr_par ocr_line ocrx_word'/>
</head>
<body>
  <div class='ocr_page' id='page_1' title='image "./elegiarumlibrid00tibugoog_0049.png"; bbox 0 0 3316 5114; ppageno 0'>
   <div class='ocr_carea' id='block_1_1' title="bbox 307 317 1037 414">
    <p class='ocr_par' dir='ltr' id='par_1_1' title="bbox 307 317 1037 414">
     <span class='ocr_line' id='line_1_1' title="bbox 307 317 1037 414; baseline 0.015 -46"><span class='ocrx_word' id='word_1_1' title='bbox 307 317 348 383; x_wconf 86' lang='lat'>18</span> <span class='ocrx_word' id='word_1_2' title='bbox 723 322 868 414; x_wconf 82' lang='grc'><strong>11111111(</strong></span> <span class='ocrx_word' id='word_1_3' title='bbox 887 322 954 378; x_wconf 78' lang='lat' dir='ltr'>urs.</span> <span class='ocrx_word' id='word_1_4' title='bbox 973 325 994 379; x_wconf 89' lang='lat'>1.</span> <span class='ocrx_word' id='word_1_5' title='bbox 1015 330 1037 380; x_wconf 80' lang='lat' dir='ltr'>s.</span> 
     </span>
    </p>
   </div>
   <div class='ocr_carea' id='block_1_2' title="bbox 317 482 1376 3658">
    <p class='ocr_par' dir='ltr' id='par_1_2' title="bbox 317 482 1376 3658">
     <span class='ocr_line' id='line_1_2' title="bbox 392 482 1181 568; baseline 0.004 -23"><span class='ocrx_word' id='word_1_6' title='bbox 392 482 528 565; x_wconf 84' lang='lat' dir='ltr'>Ipseque</span> <span class='ocrx_word' id='word_1_7' title='bbox 551 485 585 546; x_wconf 89' lang='lat' dir='ltr'>te</span> <span class='ocrx_word' id='word_1_8' title='bbox 609 483 727 548; x_wconf 88' lang='lat' dir='ltr'>circum</span> <span class='ocrx_word' id='word_1_9' title='bbox 750 485 886 548; x_wconf 87' lang='lat' dir='ltr'>lustraui</span> <span class='ocrx_word' id='word_1_10' title='bbox 911 485 1066 568; x_wconf 85' lang='lat' dir='ltr'><strong>sulphure</strong></span> <span class='ocrx_word' id='word_1_11' title='bbox 1090 506 1181 568; x_wconf 86' lang='lat' dir='ltr'>puro,</span> 
     </span>
     <span class='ocr_line' id='line_1_3' title="bbox 438 585 1214 675; baseline 0.004 -24"><span class='ocrx_word' id='word_1_12' title='bbox 438 585 590 652; x_wconf 79' lang='lat' dir='ltr'>Carmine</span> <span class='ocrx_word' id='word_1_13' title='bbox 614 611 686 653; x_wconf 90' lang='lat' dir='ltr'>cum</span> <span class='ocrx_word' id='word_1_14' title='bbox 710 592 837 675; x_wconf 87' lang='lat' dir='ltr'>magico</span> <span class='ocrx_word' id='word_1_15' title='bbox 861 593 1096 675; x_wconf 71' lang='lat' dir='ltr'>praecinuisset</span> <span class='ocrx_word' id='word_1_16' title='bbox 1120 613 1214 674; x_wconf 81' lang='lat' dir='ltr'>anus3</span> 
     </span>
     <span class='ocr_line' id='line_1_4' title="bbox 392 693 1138 780; baseline 0.004 -23"><span class='ocrx_word' id='word_1_17' title='bbox 392 693 466 778; x_wconf 90' lang='lat' dir='ltr'>lpse</span> <span class='ocrx_word' id='word_1_18' title='bbox 488 697 660 778; x_wconf 88' lang='lat' dir='ltr'>procuraui</span> <span class='ocrx_word' id='word_1_19' title='bbox 682 718 722 760; x_wconf 89' lang='lat' dir='ltr'>ne</span> <span class='ocrx_word' id='word_1_20' title='bbox 745 701 880 780; x_wconf 80' lang='lat' dir='ltr'>possent</span> <span class='ocrx_word' id='word_1_21' title='bbox 903 719 1001 762; x_wconf 91' lang='lat' dir='ltr'>saeua</span> <span class='ocrx_word' id='word_1_22' title='bbox 1022 719 1138 763; x_wconf 84' lang='lat' dir='ltr'>nocere</span> 
     </span>
     <span class='ocr_line' id='line_1_5' title="bbox 439 799 1155 886; baseline 0.003 -20"><span class='ocrx_word' id='word_1_23' title='bbox 439 799 580 886; x_wconf 80' lang='lat' dir='ltr'>Somnia,</span> <span class='ocrx_word' id='word_1_24' title='bbox 603 805 653 867; x_wconf 90' lang='lat' dir='ltr'>ter</span> <span class='ocrx_word' id='word_1_25' title='bbox 676 807 790 867; x_wconf 86' lang='lat' dir='ltr'>sancta</span> <span class='ocrx_word' id='word_1_26' title='bbox 813 803 1037 868; x_wconf 89' lang='lat' dir='ltr'>deueneranda</span> <span class='ocrx_word' id='word_1_27' title='bbox 1056 805 1155 886; x_wconf 88' lang='lat' dir='ltr'>mola;</span> 
     </span>
     <span class='ocr_line' id='line_1_6' title="bbox 324 906 1119 995; baseline 0.004 -25"><span class='ocrx_word' id='word_1_28' title='bbox 324 923 357 971; x_wconf 84' lang='lat'>15</span> <span class='ocrx_word' id='word_1_29' title='bbox 386 906 460 991; x_wconf 87' lang='lat' dir='ltr'>lpse</span> <span class='ocrx_word' id='word_1_30' title='bbox 484 929 544 992; x_wconf 88' lang='lat' dir='ltr'>ego</span> <span class='ocrx_word' id='word_1_31' title='bbox 569 909 695 974; x_wconf 85' lang='lat' dir='ltr'>uelatus</span> <span class='ocrx_word' id='word_1_32' title='bbox 718 910 773 975; x_wconf 92' lang='lat' dir='ltr'>filo</span> <span class='ocrx_word' id='word_1_33' title='bbox 796 911 979 995; x_wconf 76' lang='lat' dir='ltr'>tunicisque</span> <span class='ocrx_word' id='word_1_34' title='bbox 1003 910 1119 974; x_wconf 86' lang='lat' dir='ltr'>solutis</span> 
     </span>
     <span class='ocr_line' id='line_1_7' title="bbox 436 1013 1183 1082; baseline 0.004 -4"><span class='ocrx_word' id='word_1_35' title='bbox 436 1013 524 1078; x_wconf 91' lang='lat' dir='ltr'>Uota</span> <span class='ocrx_word' id='word_1_36' title='bbox 546 1038 663 1081; x_wconf 89' lang='lat' dir='ltr'>nouem</span> <span class='ocrx_word' id='word_1_37' title='bbox 687 1016 817 1081; x_wconf 84' lang='lat' dir='ltr'>Triuiae</span> <span class='ocrx_word' id='word_1_38' title='bbox 841 1021 936 1082; x_wconf 87' lang='lat' dir='ltr'>nocte</span> <span class='ocrx_word' id='word_1_39' title='bbox 961 1017 1078 1081; x_wconf 89' lang='lat' dir='ltr'>silente</span> <span class='ocrx_word' id='word_1_40' title='bbox 1103 1014 1183 1081; x_wconf 91' lang='lat' dir='ltr'>dedi.</span> 
     </span>
     <span class='ocr_line' id='line_1_8' title="bbox 394 1120 1192 1206; baseline 0 -21"><span class='ocrx_word' id='word_1_41' title='bbox 394 1120 510 1186; x_wconf 89' lang='lat' dir='ltr'>Omnia</span> <span class='ocrx_word' id='word_1_42' title='bbox 532 1123 692 1205; x_wconf 90' lang='lat' dir='ltr'>persolui;</span> <span class='ocrx_word' id='word_1_43' title='bbox 715 1121 834 1188; x_wconf 84' lang='lat' dir='ltr'>fruitur</span> <span class='ocrx_word' id='word_1_44' title='bbox 857 1145 943 1187; x_wconf 91' lang='lat' dir='ltr'>nunc</span> <span class='ocrx_word' id='word_1_45' title='bbox 967 1124 1050 1188; x_wconf 90' lang='lat' dir='ltr'>alter</span> <span class='ocrx_word' id='word_1_46' title='bbox 1073 1142 1192 1206; x_wconf 79' lang='lat' dir='ltr'>amore,</span> 
     </span>
     <span class='ocr_line' id='line_1_9' title="bbox 435 1227 1067 1311; baseline 0.005 -20"><span class='ocrx_word' id='word_1_47' title='bbox 435 1227 479 1291; x_wconf 81' lang='lat' dir='ltr'>Et</span> <span class='ocrx_word' id='word_1_48' title='bbox 501 1228 650 1311; x_wconf 87' lang='lat' dir='ltr'>precibus</span> <span class='ocrx_word' id='word_1_49' title='bbox 675 1229 752 1293; x_wconf 82' lang='lat' dir='ltr'>felix</span> <span class='ocrx_word' id='word_1_50' title='bbox 775 1231 878 1294; x_wconf 90' lang='lat' dir='ltr'>utitur</span> <span class='ocrx_word' id='word_1_51' title='bbox 900 1231 954 1294; x_wconf 89' lang='lat' dir='ltr'>ille</span> <span class='ocrx_word' id='word_1_52' title='bbox 978 1230 1067 1294; x_wconf 90' lang='lat' dir='ltr'>meis.</span> 
     </span>
     <span class='ocr_line' id='line_1_10' title="bbox 391 1332 1144 1420; baseline 0.005 -24"><span class='ocrx_word' id='word_1_53' title='bbox 391 1332 437 1397; x_wconf 88' lang='lat' dir='ltr'>At</span> <span class='ocrx_word' id='word_1_54' title='bbox 460 1334 540 1398; x_wconf 92' lang='lat' dir='ltr'>mihi</span> <span class='ocrx_word' id='word_1_55' title='bbox 563 1335 690 1400; x_wconf 89' lang='lat' dir='ltr'>felicem</span> <span class='ocrx_word' id='word_1_56' title='bbox 713 1335 826 1420; x_wconf 87' lang='lat' dir='ltr'>uitam,</span> <span class='ocrx_word' id='word_1_57' title='bbox 851 1337 878 1400; x_wconf 88' lang='lat' dir='ltr'>si</span> <span class='ocrx_word' id='word_1_58' title='bbox 903 1336 996 1401; x_wconf 87' lang='lat' dir='ltr'>salua</span> <span class='ocrx_word' id='word_1_59' title='bbox 1018 1336 1144 1419; x_wconf 87' lang='lat' dir='ltr'>fuisses,</span> 
     </span>
     <span class='ocr_line' id='line_1_11' title="bbox 321 1439 1095 1527; baseline 0.004 -23"><span class='ocrx_word' id='word_1_60' title='bbox 321 1457 355 1505; x_wconf 84' lang='lat'>20</span> <span class='ocrx_word' id='word_1_61' title='bbox 436 1439 617 1527; x_wconf 83' lang='lat' dir='ltr'>Fingebam</span> <span class='ocrx_word' id='word_1_62' title='bbox 640 1440 770 1506; x_wconf 83' lang='lat' dir='ltr'>dernens</span> <span class='ocrx_word' id='word_1_63' title='bbox 795 1445 827 1506; x_wconf 94' lang='lat' dir='ltr'>et</span> <span class='ocrx_word' id='word_1_64' title='bbox 849 1445 1003 1506; x_wconf 90' lang='lat' dir='ltr'>renuente</span> <span class='ocrx_word' id='word_1_65' title='bbox 1027 1443 1095 1507; x_wconf 88' lang='lat' dir='ltr'>deo.</span> 
     </span>
     <span class='ocr_line' id='line_1_12' title="bbox 388 1547 1311 1633; baseline 0.003 -22"><span class='ocrx_word' id='word_1_66' title='bbox 388 1547 477 1611; x_wconf 85' lang='lat' dir='ltr'>Rura</span> <span class='ocrx_word' id='word_1_67' title='bbox 500 1548 614 1632; x_wconf 86' lang='lat' dir='ltr'>colam,</span> <span class='ocrx_word' id='word_1_68' title='bbox 636 1547 829 1633; x_wconf 82' lang='lat' dir='ltr'>frugumque</span> <span class='ocrx_word' id='word_1_69' title='bbox 843 1549 957 1613; x_wconf 83' lang='lat' dir='ltr'>&#39;aderit</span> <span class='ocrx_word' id='word_1_70' title='bbox 980 1572 1052 1618; x_wconf 85' lang='lat' dir='ltr'>mea</span> <span class='ocrx_word' id='word_1_71' title='bbox 1074 1548 1169 1613; x_wconf 88' lang='lat' dir='ltr'>Delia</span> <span class='ocrx_word' id='word_1_72' title='bbox 1192 1553 1311 1633; x_wconf 85' lang='lat' dir='ltr'>custos,</span> 
     </span>
     <span class='ocr_line' id='line_1_13' title="bbox 435 1653 1117 1739; baseline 0 -21"><span class='ocrx_word' id='word_1_73' title='bbox 435 1654 521 1718; x_wconf 86' lang='lat' dir='ltr'>Area</span> <span class='ocrx_word' id='word_1_74' title='bbox 544 1653 621 1717; x_wconf 92' lang='lat' dir='ltr'>dum</span> <span class='ocrx_word' id='word_1_75' title='bbox 643 1674 764 1718; x_wconf 87' lang='lat' dir='ltr'>messes</span> <span class='ocrx_word' id='word_1_76' title='bbox 788 1655 856 1718; x_wconf 90' lang='lat' dir='ltr'>sole</span> <span class='ocrx_word' id='word_1_77' title='bbox 879 1656 1003 1720; x_wconf 84' lang='lat' dir='ltr'>calente</span> <span class='ocrx_word' id='word_1_78' title='bbox 1025 1658 1117 1739; x_wconf 86' lang='lat' dir='ltr'>teret,</span> 
     </span>
     <span class='ocr_line' id='line_1_14' title="bbox 393 1759 1194 1844; baseline 0.002 -20"><span class='ocrx_word' id='word_1_79' title='bbox 393 1759 462 1825; x_wconf 87' lang='lat' dir='ltr'>Aut</span> <span class='ocrx_word' id='word_1_80' title='bbox 479 1759 560 1824; x_wconf 91' lang='lat' dir='ltr'>mihi</span> <span class='ocrx_word' id='word_1_81' title='bbox 585 1760 729 1824; x_wconf 86' lang='lat' dir='ltr'>seruabit</span> <span class='ocrx_word' id='word_1_82' title='bbox 751 1761 856 1844; x_wconf 91' lang='lat' dir='ltr'>plenis</span> <span class='ocrx_word' id='word_1_83' title='bbox 880 1761 914 1824; x_wconf 91' lang='lat' dir='ltr'>in</span> <span class='ocrx_word' id='word_1_84' title='bbox 937 1762 1090 1828; x_wconf 89' lang='lat' dir='ltr'>lintribus</span> <span class='ocrx_word' id='word_1_85' title='bbox 1113 1785 1194 1826; x_wconf 87' lang='lat' dir='ltr'>uuas</span> 
     </span>
     <span class='ocr_line' id='line_1_15' title="bbox 436 1867 1144 1951; baseline 0.001 -20"><span class='ocrx_word' id='word_1_86' title='bbox 436 1867 615 1950; x_wconf 85' lang='lat' dir='ltr'>Pressaque</span> <span class='ocrx_word' id='word_1_87' title='bbox 638 1868 741 1932; x_wconf 89' lang='lat' dir='ltr'>ueloci</span> <span class='ocrx_word' id='word_1_88' title='bbox 765 1867 902 1932; x_wconf 88' lang='lat' dir='ltr'>candida</span> <span class='ocrx_word' id='word_1_89' title='bbox 924 1872 1032 1932; x_wconf 90' lang='lat' dir='ltr'>musta</span> <span class='ocrx_word' id='word_1_90' title='bbox 1054 1868 1144 1951; x_wconf 87' lang='lat' dir='ltr'>pede,</span> 
     </span>
     <span class='ocr_line' id='line_1_16' title="bbox 320 1973 1286 2058; baseline 0 -20"><span class='ocrx_word' id='word_1_91' title='bbox 320 1991 354 2039; x_wconf 76' lang='lat'>25</span> <span class='ocrx_word' id='word_1_92' title='bbox 392 1973 590 2039; x_wconf 83' lang='lat' dir='ltr'>Consuescet</span> <span class='ocrx_word' id='word_1_93' title='bbox 612 1995 782 2038; x_wconf 89' lang='lat' dir='ltr'>numerare</span> <span class='ocrx_word' id='word_1_94' title='bbox 805 1996 912 2058; x_wconf 87' lang='lat' dir='ltr'>pecus,</span> <span class='ocrx_word' id='word_1_95' title='bbox 936 1979 1124 2039; x_wconf 87' lang='lat' dir='ltr'>consuescet</span> <span class='ocrx_word' id='word_1_96' title='bbox 1147 1975 1286 2039; x_wconf 86' lang='lat' dir='ltr'>amantis</span> 
     </span>
     <span class='ocr_line' id='line_1_17' title="bbox 435 2080 1182 2147; baseline 0.003 -2"><span class='ocrx_word' id='word_1_97' title='bbox 435 2080 591 2146; x_wconf 86' lang='lat' dir='ltr'>Garrulus</span> <span class='ocrx_word' id='word_1_98' title='bbox 614 2081 649 2146; x_wconf 90' lang='lat' dir='ltr'>in</span> <span class='ocrx_word' id='word_1_99' title='bbox 672 2081 821 2146; x_wconf 88' lang='lat' dir='ltr'>dominae</span> <span class='ocrx_word' id='word_1_100' title='bbox 844 2082 953 2146; x_wconf 90' lang='lat' dir='ltr'>ludere</span> <span class='ocrx_word' id='word_1_101' title='bbox 977 2104 1077 2146; x_wconf 88' lang='lat' dir='ltr'>uerna</span> <span class='ocrx_word' id='word_1_102' title='bbox 1101 2082 1182 2147; x_wconf 92' lang='lat' dir='ltr'>sinu.</span> 
     </span>
     <span class='ocr_line' id='line_1_18' title="bbox 390 2187 1220 2274; baseline 0 -22"><span class='ocrx_word' id='word_1_103' title='bbox 390 2187 453 2252; x_wconf 92' lang='lat' dir='ltr'>Illa</span> <span class='ocrx_word' id='word_1_104' title='bbox 475 2188 534 2253; x_wconf 93' lang='lat' dir='ltr'>deo</span> <span class='ocrx_word' id='word_1_105' title='bbox 559 2188 639 2253; x_wconf 87' lang='lat' dir='ltr'>sciet</span> <span class='ocrx_word' id='word_1_106' title='bbox 662 2189 823 2274; x_wconf 87' lang='lat' dir='ltr'>agricolae</span> <span class='ocrx_word' id='word_1_107' title='bbox 846 2210 906 2272; x_wconf 91' lang='lat' dir='ltr'>pro</span> <span class='ocrx_word' id='word_1_108' title='bbox 930 2188 1088 2252; x_wconf 72' lang='lat' dir='ltr'>frncfibus</span> <span class='ocrx_word' id='word_1_109' title='bbox 1112 2209 1220 2273; x_wconf 82' lang='lat' dir='ltr'>uuam,</span> 
     </span>
     <span class='ocr_line' id='line_1_19' title="bbox 434 2293 1225 2381; baseline -0.001 -22"><span class='ocrx_word' id='word_1_110' title='bbox 434 2293 497 2359; x_wconf 91' lang='lat' dir='ltr'>Pro</span> <span class='ocrx_word' id='word_1_111' title='bbox 517 2300 625 2381; x_wconf 90' lang='lat' dir='ltr'>segete</span> <span class='ocrx_word' id='word_1_112' title='bbox 650 2297 766 2380; x_wconf 87' lang='lat' dir='ltr'>spicas,</span> <span class='ocrx_word' id='word_1_113' title='bbox 789 2317 847 2379; x_wconf 93' lang='lat' dir='ltr'>pro</span> <span class='ocrx_word' id='word_1_114' title='bbox 872 2316 970 2380; x_wconf 84' lang='lat' dir='ltr'>grege</span> <span class='ocrx_word' id='word_1_115' title='bbox 994 2294 1077 2359; x_wconf 92' lang='lat' dir='ltr'>ferre</span> <span class='ocrx_word' id='word_1_116' title='bbox 1101 2295 1225 2378; x_wconf 86' lang='lat' dir='ltr'>dapem.</span> 
     </span>
     <span class='ocr_line' id='line_1_20' title="bbox 390 2400 1158 2486; baseline 0.001 -22"><span class='ocrx_word' id='word_1_117' title='bbox 390 2400 451 2464; x_wconf 89' lang='lat' dir='ltr'>Illa</span> <span class='ocrx_word' id='word_1_118' title='bbox 474 2407 566 2486; x_wconf 88' lang='lat' dir='ltr'>reget</span> <span class='ocrx_word' id='word_1_119' title='bbox 589 2405 735 2468; x_wconf 88' lang='lat' dir='ltr'>cunctos:</span> <span class='ocrx_word' id='word_1_120' title='bbox 758 2401 808 2466; x_wconf 89' lang='lat' dir='ltr'>illi</span> <span class='ocrx_word' id='word_1_121' title='bbox 831 2402 897 2466; x_wconf 90' lang='lat' dir='ltr'>sint</span> <span class='ocrx_word' id='word_1_122' title='bbox 920 2401 1030 2467; x_wconf 90' lang='lat' dir='ltr'>omnia</span> <span class='ocrx_word' id='word_1_123' title='bbox 1054 2423 1158 2480; x_wconf 84' lang='lat' dir='ltr'>aurae,</span> 
     </span>
     <span class='ocr_line' id='line_1_21' title="bbox 319 2508 1144 2574; baseline 0 -1"><span class='ocrx_word' id='word_1_124' title='bbox 319 2526 353 2574; x_wconf 85' lang='lat'>30</span> <span class='ocrx_word' id='word_1_125' title='bbox 434 2508 484 2572; x_wconf 89' lang='lat' dir='ltr'>Ac</span> <span class='ocrx_word' id='word_1_126' title='bbox 505 2509 595 2572; x_wconf 91' lang='lat' dir='ltr'>iuuet</span> <span class='ocrx_word' id='word_1_127' title='bbox 617 2510 652 2573; x_wconf 88' lang='lat' dir='ltr'>in</span> <span class='ocrx_word' id='word_1_128' title='bbox 675 2513 746 2573; x_wconf 87' lang='lat' dir='ltr'>tota</span> <span class='ocrx_word' id='word_1_129' title='bbox 769 2530 820 2572; x_wconf 89' lang='lat' dir='ltr'>me</span> <span class='ocrx_word' id='word_1_130' title='bbox 838 2508 921 2572; x_wconf 90' lang='lat' dir='ltr'>nihil</span> <span class='ocrx_word' id='word_1_131' title='bbox 945 2529 1015 2572; x_wconf 88' lang='lat' dir='ltr'>esse</span> <span class='ocrx_word' id='word_1_132' title='bbox 1039 2509 1144 2573; x_wconf 90' lang='lat' dir='ltr'>domo.</span> 
     </span>
     <span class='ocr_line' id='line_1_22' title="bbox 391 2613 1202 2697; baseline 0 -19"><span class='ocrx_word' id='word_1_133' title='bbox 391 2615 463 2678; x_wconf 90' lang='lat' dir='ltr'>Huc</span> <span class='ocrx_word' id='word_1_134' title='bbox 485 2614 594 2678; x_wconf 86' lang='lat' dir='ltr'>ueniet</span> <span class='ocrx_word' id='word_1_135' title='bbox 615 2613 755 2678; x_wconf 84' lang='lat' dir='ltr'>Messala</span> <span class='ocrx_word' id='word_1_136' title='bbox 778 2634 877 2697; x_wconf 74' lang='lat' dir='ltr'>meua,</span> <span class='ocrx_word' id='word_1_137' title='bbox 901 2614 950 2677; x_wconf 87' lang='lat' dir='ltr'>cni</span> <span class='ocrx_word' id='word_1_138' title='bbox 975 2614 1082 2678; x_wconf 90' lang='lat' dir='ltr'>dulcia</span> <span class='ocrx_word' id='word_1_139' title='bbox 1104 2637 1202 2697; x_wconf 89' lang='lat' dir='ltr'>poma</span> 
     </span>
     <span class='ocr_line' id='line_1_23' title="bbox 434 2719 1060 2804; baseline -0.003 -18"><span class='ocrx_word' id='word_1_140' title='bbox 434 2722 531 2787; x_wconf 85' lang='lat' dir='ltr'>Delia</span> <span class='ocrx_word' id='word_1_141' title='bbox 554 2720 680 2786; x_wconf 87' lang='lat' dir='ltr'>selectis</span> <span class='ocrx_word' id='word_1_142' title='bbox 704 2719 854 2785; x_wconf 90' lang='lat' dir='ltr'>detrahat</span> <span class='ocrx_word' id='word_1_143' title='bbox 877 2721 1060 2804; x_wconf 88' lang='lat' dir='ltr'>arboribus;</span> 
     </span>
     <span class='ocr_line' id='line_1_24' title="bbox 388 2827 1236 2914; baseline -0.002 -20"><span class='ocrx_word' id='word_1_144' title='bbox 388 2830 433 2894; x_wconf 79' lang='lat' dir='ltr'>nt</span> <span class='ocrx_word' id='word_1_145' title='bbox 457 2832 584 2895; x_wconf 86' lang='lat' dir='ltr'>tantum</span> <span class='ocrx_word' id='word_1_146' title='bbox 607 2831 761 2893; x_wconf 87' lang='lat' dir='ltr'>uenerata</span> <span class='ocrx_word' id='word_1_147' title='bbox 783 2828 890 2892; x_wconf 89' lang='lat' dir='ltr'>uirum</span> <span class='ocrx_word' id='word_1_148' title='bbox 912 2830 983 2892; x_wconf 90' lang='lat' dir='ltr'>tum</span> <span class='ocrx_word' id='word_1_149' title='bbox 1007 2827 1118 2893; x_wconf 89' lang='lat' dir='ltr'>sedula</span> <span class='ocrx_word' id='word_1_150' title='bbox 1137 2833 1236 2914; x_wconf 78' lang='lat' dir='ltr'>curet,</span> 
     </span>
     <span class='ocr_line' id='line_1_25' title="bbox 433 2934 1262 3018; baseline 0 -19"><span class='ocrx_word' id='word_1_151' title='bbox 433 2935 514 2999; x_wconf 83' lang='lat' dir='ltr'>Tum</span> <span class='ocrx_word' id='word_1_152' title='bbox 538 2939 631 3018; x_wconf 88' lang='lat' dir='ltr'>paret</span> <span class='ocrx_word' id='word_1_153' title='bbox 654 2937 749 3018; x_wconf 89' lang='lat' dir='ltr'>atque</span> <span class='ocrx_word' id='word_1_154' title='bbox 773 2935 884 3018; x_wconf 89' lang='lat' dir='ltr'>epulas</span> <span class='ocrx_word' id='word_1_155' title='bbox 907 2935 980 3018; x_wconf 87' lang='lat' dir='ltr'>ipsa</span> <span class='ocrx_word' id='word_1_156' title='bbox 1001 2934 1151 2998; x_wconf 89' lang='lat' dir='ltr'>ministra</span> <span class='ocrx_word' id='word_1_157' title='bbox 1170 2935 1262 3000; x_wconf 87' lang='lat' dir='ltr'>ferat.</span> 
     </span>
     <span class='ocr_line' id='line_1_26' title="bbox 318 3041 1376 3126; baseline -0.001 -19"><span class='ocrx_word' id='word_1_158' title='bbox 318 3057 352 3107; x_wconf 82' lang='lat'>35</span> <span class='ocrx_word' id='word_1_159' title='bbox 388 3041 478 3106; x_wconf 88' lang='lat' dir='ltr'>Haeo</span> <span class='ocrx_word' id='word_1_160' title='bbox 501 3041 582 3106; x_wconf 89' lang='lat' dir='ltr'>mihi</span> <span class='ocrx_word' id='word_1_161' title='bbox 605 3042 778 3126; x_wconf 80' lang='lat' dir='ltr'>fingebam,</span> <span class='ocrx_word' id='word_1_162' title='bbox 801 3063 882 3125; x_wconf 90' lang='lat' dir='ltr'>quae</span> <span class='ocrx_word' id='word_1_163' title='bbox 905 3062 989 3105; x_wconf 92' lang='lat' dir='ltr'>nunc</span> <span class='ocrx_word' id='word_1_164' title='bbox 1012 3041 1182 3125; x_wconf 84' lang='lat' dir='ltr'>Eurusque</span> <span class='ocrx_word' id='word_1_165' title='bbox 1206 3042 1376 3125; x_wconf 91' lang='lat' dir='ltr'>Notusque</span> 
     </span>
     <span class='ocr_line' id='line_1_27' title="bbox 432 3147 1096 3230; baseline 0 -18"><span class='ocrx_word' id='word_1_166' title='bbox 432 3148 540 3213; x_wconf 88' lang='lat' dir='ltr'>Iactat</span> <span class='ocrx_word' id='word_1_167' title='bbox 559 3147 710 3212; x_wconf 88' lang='lat' dir='ltr'>odoratos</span> <span class='ocrx_word' id='word_1_168' title='bbox 734 3151 812 3212; x_wconf 87' lang='lat' dir='ltr'>uota</span> <span class='ocrx_word' id='word_1_169' title='bbox 834 3169 892 3230; x_wconf 91' lang='lat' dir='ltr'>per</span> <span class='ocrx_word' id='word_1_170' title='bbox 915 3147 1096 3213; x_wconf 87' lang='lat' dir='ltr'>Armenios.</span> 
     </span>
     <span class='ocr_line' id='line_1_28' title="bbox 390 3254 1140 3340; baseline 0 -21"><span class='ocrx_word' id='word_1_171' title='bbox 390 3254 492 3338; x_wconf 82' lang='lat' dir='ltr'>Saepe</span> <span class='ocrx_word' id='word_1_172' title='bbox 516 3275 576 3340; x_wconf 89' lang='lat' dir='ltr'>ego</span> <span class='ocrx_word' id='word_1_173' title='bbox 599 3254 725 3318; x_wconf 89' lang='lat' dir='ltr'>tentaui</span> <span class='ocrx_word' id='word_1_174' title='bbox 748 3275 842 3318; x_wconf 88' lang='lat' dir='ltr'>curas</span> <span class='ocrx_word' id='word_1_175' title='bbox 865 3254 1024 3338; x_wconf 88' lang='lat' dir='ltr'>depellere</span> <span class='ocrx_word' id='word_1_176' title='bbox 1050 3256 1140 3321; x_wconf 86' lang='lat' dir='ltr'>uino:</span> 
     </span>
     <span class='ocr_line' id='line_1_29' title="bbox 432 3360 1266 3445; baseline 0.001 -19"><span class='ocrx_word' id='word_1_177' title='bbox 432 3362 478 3426; x_wconf 82' lang='lat' dir='ltr'>At</span> <span class='ocrx_word' id='word_1_178' title='bbox 501 3361 594 3426; x_wconf 91' lang='lat' dir='ltr'>dolor</span> <span class='ocrx_word' id='word_1_179' title='bbox 616 3361 651 3425; x_wconf 91' lang='lat' dir='ltr'>in</span> <span class='ocrx_word' id='word_1_180' title='bbox 674 3360 823 3425; x_wconf 86' lang='lat' dir='ltr'>lacrimas</span> <span class='ocrx_word' id='word_1_181' title='bbox 847 3364 990 3445; x_wconf 85' lang='lat' dir='ltr'>uerterat</span> <span class='ocrx_word' id='word_1_182' title='bbox 1013 3384 1108 3426; x_wconf 90' lang='lat' dir='ltr'>omne</span> <span class='ocrx_word' id='word_1_183' title='bbox 1132 3384 1266 3427; x_wconf 91' lang='lat' dir='ltr'>merum.</span> 
     </span>
     <span class='ocr_line' id='line_1_30' title="bbox 388 3466 1298 3554; baseline 0.001 -21"><span class='ocrx_word' id='word_1_184' title='bbox 388 3467 490 3552; x_wconf 84' lang='lat' dir='ltr'>Saepe</span> <span class='ocrx_word' id='word_1_185' title='bbox 511 3469 609 3533; x_wconf 87' lang='lat' dir='ltr'>aliam</span> <span class='ocrx_word' id='word_1_186' title='bbox 632 3466 737 3531; x_wconf 89' lang='lat' dir='ltr'>tenui:</span> <span class='ocrx_word' id='word_1_187' title='bbox 761 3467 817 3531; x_wconf 89' lang='lat' dir='ltr'>sed</span> <span class='ocrx_word' id='word_1_188' title='bbox 840 3467 905 3531; x_wconf 89' lang='lat' dir='ltr'>iam</span> <span class='ocrx_word' id='word_1_189' title='bbox 928 3491 1001 3532; x_wconf 89' lang='lat' dir='ltr'>eum</span> <span class='ocrx_word' id='word_1_190' title='bbox 1025 3469 1143 3554; x_wconf 87' lang='lat' dir='ltr'>gaudia</span> <span class='ocrx_word' id='word_1_191' title='bbox 1167 3469 1298 3546; x_wconf 87' lang='lat' dir='ltr'>adirem,</span> 
     </span>
     <span class='ocr_line' id='line_1_31' title="bbox 317 3573 1155 3658; baseline 0 -18"><span class='ocrx_word' id='word_1_192' title='bbox 317 3593 352 3642; x_wconf 82' lang='lat'>40</span> <span class='ocrx_word' id='word_1_193' title='bbox 433 3575 612 3640; x_wconf 87' lang='lat' dir='ltr'>Admonuit</span> <span class='ocrx_word' id='word_1_194' title='bbox 635 3573 783 3639; x_wconf 87' lang='lat' dir='ltr'>dominae</span> <span class='ocrx_word' id='word_1_195' title='bbox 807 3575 1009 3658; x_wconf 89' lang='lat' dir='ltr'>deseruitque</span> <span class='ocrx_word' id='word_1_196' title='bbox 1033 3575 1155 3640; x_wconf 90' lang='lat' dir='ltr'>Uenus.</span> 
     </span>
    </p>
   </div>
   <div class='ocr_carea' id='block_1_3' title="bbox 297 3726 1442 3983">
    <p class='ocr_par' dir='ltr' id='par_1_3' title="bbox 297 3726 1442 3983">
     <span class='ocr_line' id='line_1_32' title="bbox 370 3726 1441 3802; baseline 0.001 -14"><span class='ocrx_word' id='word_1_197' title='bbox 370 3736 437 3789; x_wconf 76' lang='lat' dir='ltr'>Vua.</span> <span class='ocrx_word' id='word_1_198' title='bbox 449 3726 530 3788; x_wconf 66' lang='lat' dir='ltr'>lnatm.</span> <span class='ocrx_word' id='word_1_199' title='bbox 569 3738 600 3786; x_wconf 92' lang='lat'>11</span> <span class='ocrx_word' id='word_1_200' title='bbox 617 3733 645 3788; x_wconf 75' lang='lat' dir='ltr'>te</span> <span class='ocrx_word' id='word_1_201' title='bbox 661 3737 692 3786; x_wconf 90' lang='lat'>0:</span> <span class='ocrx_word' id='word_1_202' title='bbox 706 3733 751 3787; x_wconf 75' lang='lat' dir='ltr'>fer</span> <span class='ocrx_word' id='word_1_203' title='bbox 765 3733 823 3786; x_wconf 78' lang='lat' dir='ltr'>edd.</span> <span class='ocrx_word' id='word_1_204' title='bbox 838 3732 847 3800; x_wconf 91' lang='grc' dir='ltr'>ΙΙ</span> <span class='ocrx_word' id='word_1_205' title='bbox 864 3737 896 3786; x_wconf 79' lang='grc'>14</span> <span class='ocrx_word' id='word_1_206' title='bbox 911 3730 1012 3786; x_wconf 75' lang='lat' dir='ltr'>Omina</span> <span class='ocrx_word' id='word_1_207' title='bbox 1027 3749 1045 3798; x_wconf 78' lang='lat' dir='ltr'>g</span> <span class='ocrx_word' id='word_1_208' title='bbox 1058 3734 1068 3802; x_wconf 88' lang='grc' dir='ltr'>ΙΙ</span> <span class='ocrx_word' id='word_1_209' title='bbox 1083 3739 1115 3786; x_wconf 89' lang='grc'>16</span> <span class='ocrx_word' id='word_1_210' title='bbox 1130 3732 1208 3787; x_wconf 82' lang='lat' dir='ltr'>Voca</span> <span class='ocrx_word' id='word_1_211' title='bbox 1221 3738 1244 3785; x_wconf 97' lang='lat' dir='ltr'>A</span> <span class='ocrx_word' id='word_1_212' title='bbox 1260 3734 1264 3802; x_wconf 85' lang='grc' dir='ltr'>Ι</span> <span class='ocrx_word' id='word_1_213' title='bbox 1281 3733 1393 3790; x_wconf 73' lang='lat' dir='ltr'>Triuiae</span> <span class='ocrx_word' id='word_1_214' title='bbox 1413 3750 1441 3792; x_wconf 76' lang='grc' dir='ltr'>ςτ</span> 
     </span>
     <span class='ocr_line' id='line_1_33' title="bbox 298 3819 1442 3894; baseline 0 -16"><span class='ocrx_word' id='word_1_215' title='bbox 298 3840 389 3878; x_wconf 89' lang='lat' dir='ltr'>creme</span> <span class='ocrx_word' id='word_1_216' title='bbox 398 3828 421 3875; x_wconf 98' lang='lat' dir='ltr'><strong>A</strong></span> <span class='ocrx_word' id='word_1_217' title='bbox 431 3821 684 3878; x_wconf 87' lang='lat' dir='ltr'>chrcchcircum</span> <span class='ocrx_word' id='word_1_218' title='bbox 695 3826 717 3872; x_wconf 79' lang='lat' dir='ltr'>G</span> <span class='ocrx_word' id='word_1_219' title='bbox 727 3825 751 3874; x_wconf 84' lang='lat' dir='ltr'>et</span> <span class='ocrx_word' id='word_1_220' title='bbox 760 3824 783 3870; x_wconf 99' lang='lat' dir='ltr'><strong>V</strong></span> <span class='ocrx_word' id='word_1_221' title='bbox 792 3838 826 3874; x_wconf 84' lang='lat' dir='ltr'>m.</span> <span class='ocrx_word' id='word_1_222' title='bbox 837 3826 853 3873; x_wconf 81' lang='lat'><strong>2</strong></span> <span class='ocrx_word' id='word_1_223' title='bbox 863 3835 913 3889; x_wconf 71' lang='lat' dir='ltr'>my.</span> <span class='ocrx_word' id='word_1_224' title='bbox 923 3819 932 3891; x_wconf 79' lang='grc'>11</span> <span class='ocrx_word' id='word_1_225' title='bbox 942 3826 976 3876; x_wconf 82' lang='lat'>20</span> <span class='ocrx_word' id='word_1_226' title='bbox 986 3822 1015 3874; x_wconf 89' lang='lat' dir='ltr'>et</span> <span class='ocrx_word' id='word_1_227' title='bbox 1025 3819 1186 3876; x_wconf 72' lang='lat' dir='ltr'>Suetonius:</span> <span class='ocrx_word' id='word_1_228' title='bbox 1197 3822 1246 3877; x_wconf 88' lang='lat' dir='ltr'>sed</span> <span class='ocrx_word' id='word_1_229' title='bbox 1256 3828 1275 3875; x_wconf 88' lang='lat'>0</span> <span class='ocrx_word' id='word_1_230' title='bbox 1285 3821 1336 3894; x_wconf 72' lang='lat' dir='ltr'>l12‘2</span> <span class='ocrx_word' id='word_1_231' title='bbox 1347 3826 1442 3891; x_wconf 87' lang='lat' dir='ltr'>terret,</span> 
     </span>
     <span class='ocr_line' id='line_1_34' title="bbox 297 3908 1441 3983; baseline 0.001 -16"><span class='ocrx_word' id='word_1_232' title='bbox 297 3915 344 3968; x_wconf 84' lang='lat' dir='ltr'>sed</span> <span class='ocrx_word' id='word_1_233' title='bbox 367 3929 449 3979; x_wconf 68' lang='lat' dir='ltr'>corr„</span> <span class='ocrx_word' id='word_1_234' title='bbox 468 3916 491 3962; x_wconf 97' lang='lat' dir='ltr'><strong>V</strong></span> <span class='ocrx_word' id='word_1_235' title='bbox 504 3914 514 3982; x_wconf 75' lang='grc'>11</span> <span class='ocrx_word' id='word_1_236' title='bbox 527 3918 561 3968; x_wconf 76' lang='grc'>27</span> <span class='ocrx_word' id='word_1_237' title='bbox 581 3911 717 3967; x_wconf 84' lang='lat' dir='ltr'>fructibus</span> <span class='ocrx_word' id='word_1_238' title='bbox 736 3914 797 3964; x_wconf 78' lang='lat' dir='ltr'>GV:</span> <span class='ocrx_word' id='word_1_239' title='bbox 821 3908 927 3963; x_wconf 87' lang='lat' dir='ltr'>uitibus</span> <span class='ocrx_word' id='word_1_240' title='bbox 945 3913 968 3960; x_wconf 97' lang='lat' dir='ltr'><strong>A</strong></span> <span class='ocrx_word' id='word_1_241' title='bbox 991 3910 1027 3978; x_wconf 84' lang='lat' dir='ltr'>(ct</span> <span class='ocrx_word' id='word_1_242' title='bbox 1044 3914 1067 3960; x_wconf 97' lang='lat' dir='ltr'><strong>V</strong></span> <span class='ocrx_word' id='word_1_243' title='bbox 1089 3928 1123 3967; x_wconf 85' lang='lat' dir='ltr'>m.</span> <span class='ocrx_word' id='word_1_244' title='bbox 1144 3917 1160 3964; x_wconf 77' lang='lat'><strong>2</strong></span> <span class='ocrx_word' id='word_1_245' title='bbox 1179 3913 1242 3982; x_wconf 78' lang='lat' dir='ltr'>mp.)</span> <span class='ocrx_word' id='word_1_246' title='bbox 1260 3914 1270 3982; x_wconf 85' lang='grc' dir='ltr'>ΙΙ</span> <span class='ocrx_word' id='word_1_247' title='bbox 1288 3918 1322 3967; x_wconf 84' lang='lat'>28</span> <span class='ocrx_word' id='word_1_248' title='bbox 1347 3914 1441 3983; x_wconf 82' lang='lat' dir='ltr'>segete</span> 
     </span>
    </p>
   </div>
   <div class='ocr_carea' id='block_1_4' title="bbox 296 3992 1441 4535">
    <p class='ocr_par' dir='ltr' id='par_1_4' title="bbox 296 3992 1441 4535">
     <span class='ocr_line' id='line_1_35' title="bbox 298 3992 1441 4090; baseline 0 -16"><span class='ocrx_word' id='word_1_249' title='bbox 298 4020 390 4089; x_wconf 86' lang='lat' dir='ltr'>spicas</span> <span class='ocrx_word' id='word_1_250' title='bbox 409 4024 443 4073; x_wconf 72' lang='lat' dir='ltr'>G:</span> <span class='ocrx_word' id='word_1_251' title='bbox 463 4022 558 4089; x_wconf 84' lang='lat' dir='ltr'>segete</span> <span class='ocrx_word' id='word_1_252' title='bbox 580 4021 609 4074; x_wconf 91' lang='lat' dir='ltr'>et</span> <span class='ocrx_word' id='word_1_253' title='bbox 627 4019 719 4088; x_wconf 88' lang='lat' dir='ltr'>spicas</span> <span class='ocrx_word' id='word_1_254' title='bbox 737 4020 788 4068; x_wconf 88' lang='lat' dir='ltr'>AV</span> <span class='ocrx_word' id='word_1_255' title='bbox 800 4018 811 4086; x_wconf 83' lang='grc' dir='ltr'>ΙΙ</span> <span class='ocrx_word' id='word_1_256' title='bbox 829 4022 862 4070; x_wconf 80' lang='grc'>29</span> <span class='ocrx_word' id='word_1_257' title='bbox 881 3992 934 4083; x_wconf 67' lang='lat'><em>111}</em></span> <span class='ocrx_word' id='word_1_258' title='bbox 952 4022 975 4069; x_wconf 93' lang='lat' dir='ltr'>A</span> <span class='ocrx_word' id='word_1_259' title='bbox 990 4019 995 4086; x_wconf 78' lang='grc' dir='ltr'>Ι</span> <span class='ocrx_word' id='word_1_260' title='bbox 1011 4020 1090 4087; x_wconf 86' lang='lat' dir='ltr'>reget</span> <span class='ocrx_word' id='word_1_261' title='bbox 1109 4021 1134 4086; x_wconf 85' lang='lat' dir='ltr'>(e</span> <span class='ocrx_word' id='word_1_262' title='bbox 1156 4019 1202 4073; x_wconf 84' lang='lat' dir='ltr'>alt.</span> <span class='ocrx_word' id='word_1_263' title='bbox 1222 4036 1255 4073; x_wconf 80' lang='lat' dir='ltr'>erc</span> <span class='ocrx_word' id='word_1_264' title='bbox 1273 4035 1341 4074; x_wconf 82' lang='lat' dir='ltr'>corr.</span> <span class='ocrx_word' id='word_1_265' title='bbox 1361 4018 1387 4090; x_wconf 70' lang='lat'>2)</span> <span class='ocrx_word' id='word_1_266' title='bbox 1407 4024 1441 4074; x_wconf 73' lang='lat' dir='ltr'>d:</span> 
     </span>
     <span class='ocr_line' id='line_1_36' title="bbox 298 4105 1440 4179; baseline 0 -16"><span class='ocrx_word' id='word_1_267' title='bbox 298 4111 379 4179; x_wconf 87' lang='lat' dir='ltr'>regat</span> <span class='ocrx_word' id='word_1_268' title='bbox 397 4113 447 4161; x_wconf 93' lang='lat' dir='ltr'>AV</span> <span class='ocrx_word' id='word_1_269' title='bbox 460 4111 470 4178; x_wconf 78' lang='grc' dir='ltr'>[Ι</span> <span class='ocrx_word' id='word_1_270' title='bbox 484 4115 518 4163; x_wconf 90' lang='grc'>30</span> <span class='ocrx_word' id='word_1_271' title='bbox 537 4110 578 4162; x_wconf 86' lang='lat' dir='ltr'>Aa</span> <span class='ocrx_word' id='word_1_272' title='bbox 597 4107 676 4161; x_wconf 88' lang='lat' dir='ltr'>iuuet</span> <span class='ocrx_word' id='word_1_273' title='bbox 704 4106 860 4174; x_wconf 73' lang='lat' dir='ltr'>Gruppius:</span> <span class='ocrx_word' id='word_1_274' title='bbox 889 4105 1053 4160; x_wconf 84' lang='lat' dir='ltr'>Adiuncto</span> <span class='ocrx_word' id='word_1_275' title='bbox 1081 4107 1129 4175; x_wconf 85' lang='lat' dir='ltr'>(Et</span> <span class='ocrx_word' id='word_1_276' title='bbox 1147 4105 1226 4161; x_wconf 88' lang='lat' dir='ltr'>iuuet</span> <span class='ocrx_word' id='word_1_277' title='bbox 1247 4112 1270 4158; x_wconf 99' lang='lat' dir='ltr'><strong>V</strong></span> <span class='ocrx_word' id='word_1_278' title='bbox 1287 4125 1339 4178; x_wconf 73' lang='lat' dir='ltr'>my.</span> <span class='ocrx_word' id='word_1_279' title='bbox 1358 4126 1393 4163; x_wconf 86' lang='lat' dir='ltr'>m.</span> <span class='ocrx_word' id='word_1_280' title='bbox 1413 4111 1440 4178; x_wconf 81' lang='lat'>2)</span> 
     </span>
     <span class='ocr_line' id='line_1_37' title="bbox 296 4194 1441 4268; baseline -0.001 -17"><span class='ocrx_word' id='word_1_281' title='bbox 296 4199 335 4252; x_wconf 86' lang='lat' dir='ltr'>At</span> <span class='ocrx_word' id='word_1_282' title='bbox 362 4197 440 4252; x_wconf 91' lang='lat' dir='ltr'>iuuet</span> <span class='ocrx_word' id='word_1_283' title='bbox 464 4199 536 4252; x_wconf 81' lang='lat' dir='ltr'>Itali</span> <span class='ocrx_word' id='word_1_284' title='bbox 548 4199 558 4268; x_wconf 81' lang='grc' dir='ltr'>ΙΙ</span> <span class='ocrx_word' id='word_1_285' title='bbox 572 4203 605 4250; x_wconf 88' lang='grc'>31</span> <span class='ocrx_word' id='word_1_286' title='bbox 626 4195 741 4262; x_wconf 80' lang='lat' dir='ltr'>uenient</span> <span class='ocrx_word' id='word_1_287' title='bbox 758 4200 781 4247; x_wconf 94' lang='lat' dir='ltr'>A</span> <span class='ocrx_word' id='word_1_288' title='bbox 794 4196 803 4264; x_wconf 81' lang='grc' dir='ltr'>ΙΙ</span> <span class='ocrx_word' id='word_1_289' title='bbox 817 4200 850 4249; x_wconf 77' lang='lat'>32</span> <span class='ocrx_word' id='word_1_290' title='bbox 870 4194 1003 4250; x_wconf 87' lang='lat' dir='ltr'>detrahet</span> <span class='ocrx_word' id='word_1_291' title='bbox 1020 4202 1042 4248; x_wconf 79' lang='lat' dir='ltr'>G</span> <span class='ocrx_word' id='word_1_292' title='bbox 1059 4198 1069 4266; x_wconf 79' lang='grc'>11</span> <span class='ocrx_word' id='word_1_293' title='bbox 1087 4203 1120 4250; x_wconf 90' lang='grc'>33</span> <span class='ocrx_word' id='word_1_294' title='bbox 1140 4195 1232 4250; x_wconf 87' lang='lat' dir='ltr'>uirum</span> <span class='ocrx_word' id='word_1_295' title='bbox 1249 4197 1310 4250; x_wconf 87' lang='lat' dir='ltr'>tum</span> <span class='ocrx_word' id='word_1_296' title='bbox 1328 4197 1441 4266; x_wconf 65' lang='lat' dir='ltr'>scripsi:</span> 
     </span>
     <span class='ocr_line' id='line_1_38' title="bbox 296 4284 1440 4353; baseline 0 -13"><span class='ocrx_word' id='word_1_297' title='bbox 296 4287 388 4342; x_wconf 86' lang='lat' dir='ltr'>uirum</span> <span class='ocrx_word' id='word_1_298' title='bbox 407 4287 481 4341; x_wconf 87' lang='lat' dir='ltr'>hunc</span> <span class='ocrx_word' id='word_1_299' title='bbox 499 4292 532 4353; x_wconf 76' lang='lat'>⁰3</span> <span class='ocrx_word' id='word_1_300' title='bbox 551 4285 642 4340; x_wconf 90' lang='lat' dir='ltr'>uirum</span> <span class='ocrx_word' id='word_1_301' title='bbox 660 4301 734 4338; x_wconf 88' lang='lat' dir='ltr'>nuno</span> <span class='ocrx_word' id='word_1_302' title='bbox 753 4299 769 4342; x_wconf 85' lang='grc' dir='ltr'>ς</span> <span class='ocrx_word' id='word_1_303' title='bbox 792 4284 866 4340; x_wconf 90' lang='lat' dir='ltr'>hunc</span> <span class='ocrx_word' id='word_1_304' title='bbox 889 4287 918 4339; x_wconf 88' lang='lat' dir='ltr'>et</span> <span class='ocrx_word' id='word_1_305' title='bbox 946 4285 1044 4340; x_wconf 84' lang='lat' dir='ltr'>sedula</span> <span class='ocrx_word' id='word_1_306' title='bbox 1061 4286 1175 4353; x_wconf 72' lang='lat' dir='ltr'>itusque</span> <span class='ocrx_word' id='word_1_307' title='bbox 1192 4285 1320 4340; x_wconf 85' lang='lat' dir='ltr'>assecula</span> <span class='ocrx_word' id='word_1_308' title='bbox 1343 4285 1370 4340; x_wconf 88' lang='lat' dir='ltr'>·i·</span> <span class='ocrx_word' id='word_1_309' title='bbox 1393 4303 1440 4340; x_wconf 87' lang='lat' dir='ltr'>an·</span> 
     </span>
     <span class='ocr_line' id='line_1_39' title="bbox 297 4373 1441 4446; baseline -0.003 -15"><span class='ocrx_word' id='word_1_310' title='bbox 297 4376 364 4432; x_wconf 85' lang='lat' dir='ltr'>oilla</span> <span class='ocrx_word' id='word_1_311' title='bbox 381 4393 401 4442; x_wconf 72' lang='grc' dir='ltr'><strong>ς</strong></span> <span class='ocrx_word' id='word_1_312' title='bbox 417 4377 427 4446; x_wconf 76' lang='lat' dir='ltr'>ll</span> <span class='ocrx_word' id='word_1_313' title='bbox 446 4381 481 4430; x_wconf 80' lang='lat'>34</span> <span class='ocrx_word' id='word_1_314' title='bbox 504 4375 577 4429; x_wconf 83' lang='lat' dir='ltr'>Tum</span> <span class='ocrx_word' id='word_1_315' title='bbox 594 4375 707 4444; x_wconf 71' lang='lat' dir='ltr'>scripsi:</span> <span class='ocrx_word' id='word_1_316' title='bbox 726 4373 799 4428; x_wconf 89' lang='lat' dir='ltr'>Huic</span> <span class='ocrx_word' id='word_1_317' title='bbox 814 4378 832 4425; x_wconf 92' lang='lat'>0</span> <span class='ocrx_word' id='word_1_318' title='bbox 847 4373 928 4428; x_wconf 86' lang='lat' dir='ltr'>Nunc</span> <span class='ocrx_word' id='word_1_319' title='bbox 942 4388 960 4431; x_wconf 79' lang='grc' dir='ltr'><strong><em>ς</em></strong></span> <span class='ocrx_word' id='word_1_320' title='bbox 975 4376 980 4443; x_wconf 92' lang='grc' dir='ltr'>Ι</span> <span class='ocrx_word' id='word_1_321' title='bbox 995 4373 1069 4428; x_wconf 85' lang='lat' dir='ltr'>ferat</span> <span class='ocrx_word' id='word_1_322' title='bbox 1085 4373 1280 4428; x_wconf 79' lang='lat' dir='ltr'>Burmannus:</span> <span class='ocrx_word' id='word_1_323' title='bbox 1300 4376 1413 4444; x_wconf 82' lang='lat' dir='ltr'>gerato</span> <span class='ocrx_word' id='word_1_324' title='bbox 1432 4375 1441 4446; x_wconf 80' lang='lat' dir='ltr'>i</span> 
     </span>
     <span class='ocr_line' id='line_1_40' title="bbox 297 4465 558 4535; baseline -0.019 -13"><span class='ocrx_word' id='word_1_325' title='bbox 297 4470 331 4522; x_wconf 81' lang='lat'>35</span> <span class='ocrx_word' id='word_1_326' title='bbox 350 4465 489 4535; x_wconf 86' lang='lat' dir='ltr'>nothusq.,</span> <span class='ocrx_word' id='word_1_327' title='bbox 507 4468 558 4518; x_wconf 88' lang='lat' dir='ltr'>AV</span> 
     </span>
    </p>
   </div>
   <div class='ocr_carea' id='block_1_5' title="bbox 0 0 1662 5114">
    <p class='ocr_par' dir='ltr' id='par_1_5' title="bbox 0 0 1662 5114">
     <span class='ocr_line' id='line_1_41' title="bbox 0 0 1662 5114; baseline 0 2"><span class='ocrx_word' id='word_1_328' title='bbox 0 0 1662 5114; x_wconf 95' lang='lat' dir='ltr'> </span> 
     </span>
    </p>
   </div>
  </div>
 </body>
</html>
