3294 5118
298 305 340 368 58
679 302 1054 358 PSEUDOTIBULLIANA.

386 469 434 532 lie
458 451 589 533 domum
614 467 799 551 cultumque
822 467 871 531 illi
897 467 1014 531 donate
1037 466 1194 551 libellum,

432 573 522 639 Sicut
545 575 620 638 erit:
645 573 752 638 nullus
777 572 896 636 defluat
919 573 992 637 iude
1016 572 1113 637 color.

384 681 453 746 Illa
469 681 549 745 mihi
571 680 696 764 referet,
720 681 747 744 si
770 680 876 743 ucslri
899 684 1011 743 mutua
1035 702 1112 744 cura
1135 680 1192 756 ecl,

314 804 348 851 2ο
431 788 484 852 An
507 811 662 867 maneam,
688 811 729 852 au
752 790 822 851 tolo
845 791 974 870 pectore
999 786 1180 851 deciderim.

386 892 447 959 Sed
471 894 611 979 primum
635 895 786 958 meritam
809 895 901 978 larga
925 893 1042 958 donate
1067 894 1170 957 salute

432 1000 538 1083 Atque
562 1000 642 1065 haec
667 999 828 1064 submisso
853 999 948 1064 dicite
972 1000 1072 1065 uerba
1096 1021 1190 1064 sono:

385 1106 486 1170 ‘Haec
510 1107 571 1171 tibi
595 1108 645 1172 uir
668 1106 841 1192 quondam,
864 1128 949 1170 nunc
973 1104 1082 1188 frater,
1106 1107 1197 1170 casta
1219 1105 1354 1190 Neaera,

429 1213 532 1278 Mittit
555 1219 588 1278 et
610 1214 750 1299 accipias
774 1235 909 1278 munera
932 1235 1034 1296 parua
1057 1201 1160 1297 rogat,

313 1336 346 1384 25
385 1320 493 1404 Teque
518 1321 582 1385 suis
606 1323 692 1386 iurat
715 1343 822 1385 earam
847 1321 951 1405 magis
975 1341 1044 1383 esse
1069 1319 1228 1404 medullis,

430 1425 504 1491 Siue
529 1427 592 1491 sibi
616 1428 755 1498 coniunx
779 1427 846 1492 siue
869 1426 981 1490 fulcra
1005 1447 1104 1490 soror.

386 1531 448 1597 Sed
472 1536 581 1617 potius
605 1535 758 1623 coniunx:
781 1534 877 1598 huius
902 1555 991 1618 spem
1015 1533 1156 1597 nominis
1182 1532 1229 1596 illi

430 1640 565 1705 Auferet
589 1642 732 1706 extincto
756 1640 878 1724 pallida
901 1640 988 1705 Dicis
1013 1637 1116 1724 aqua'.

773 1821 923 1828 ——-—----
927 1821 974 1827 ..—

318 1941 338 2005 2
384 1941 444 2017 Qui
468 1944 592 2026 primus
611 1966 719 2008 caram
738 1943 846 2008 iuueni
870 1966 1043 2028 earumque
1067 1942 1192 2026 puellae

431 2049 564 2133 Eripuit
586 2051 744 2134 iuuenem,
767 2051 888 2115 ferreus
913 2051 967 2113 ille
991 2050 1061 2114 fuit.

384 2155 492 2220 Durus
517 2160 549 2221 el
571 2157 627 2221 ille
650 2156 722 2241 fuit,
746 2159 800 2242 qui
824 2160 953 2222 lantum
977 2156 1060 2220 ferre
1085 2156 1236 2234 dolorem,

429 2262 548 2328 Uiuere
572 2266 605 2327 et
629 2267 739 2347 erepla
763 2265 900 2349 coniuge
925 2264 979 2348 qui
1002 2262 1116 2347 potuit.

333 2385 348 2431 5
386 2369 461 2434 Nou
485 2391 545 2454 ego
569 2371 681 2434 firmus
705 2371 740 2434 in
762 2370 834 2453 hcc,
857 2393 922 2436 non
945 2371 1025 2436 haec
1047 2369 1207 2454 patientia
1229 2371 1342 2433 nostro

431 2475 583 2561 Ingenio:
612 2476 736 2562 frangit
758 2477 856 2542 fortia
879 2478 976 2542 corda
998 2477 1099 2542 dolor.

383 2581 452 2646 Nec
476 2582 557 2646 mihi
580 2605 658 2646 uera
680 2582 770 2665 loqui
793 2582 897 2666 pudor
920 2586 969 2646 est
992 2584 1141 2665 uitaeque
1164 2582 1260 2646 fateri

429 2689 493 2753 Tot
515 2689 603 2752 mala
625 2711 797 2773 perpessae
821 2689 929 2753 taedia
951 2692 1031 2753 nala
1054 2711 1152 2754 meae.

384 2796 474 2881 Ergo
498 2818 571 2860 cum
595 2798 724 2859 tenuem
747 2794 839 2859 fuero
863 2799 1007 2859 mutatus
1030 2796 1064 2858 in
1088 2795 1237 2859 umbram

316 2919 348 2966 10
430 2901 637 2986 Candidaque
660 2923 736 2966 ossa
760 2924 857 2986 super
880 2902 976 2987 nigra
997 2903 1112 2967 fauilla
1132 2905 1230 2987 legal,

384 3007 472 3073 Aule
495 3031 602 3073 meum
625 3009 737 3073 ueniat
761 3010 878 3095 longos
902 3011 1068 3092 incompta
1091 3010 1228 3093 capillos

368 3256 437 3310 Vua.
457 3274 530 3308 uuor.
570 3261 602 3309 19
621 3255 724 3310 referet
743 3259 775 3309 0:
794 3253 897 3309 referat
915 3257 1003 3324 ς120
1021 3254 1065 3308 Au
1083 3271 1213 3310 maneam
1233 3261 1266 3311 G:
1290 3258 1334 3312 An
1352 3258 1443 3313 minor

296 3349 347 3397 AV
360 3345 370 3414 1
383 3350 416 3398 21
437 3343 568 3398 merilam
587 3348 608 3396 G
627 3345 663 3412 (et
681 3349 704 3396 V
722 3361 756 3399 m.
776 3346 819 3413 2):
839 3342 970 3398 meritum
989 3348 1039 3396 AV
1057 3361 1090 3399 m.
1108 3350 1132 3412 1,
1151 3363 1170 3411 g
1186 3346 1190 3413 1
1206 3345 1287 3416 larga
1306 3351 1337 3400 0:
1356 3347 1443 3417 longa

297 3449 313 3491 ς
332 3435 342 3503 1
362 3439 396 3487 22
421 3431 539 3488 admisso
558 3439 580 3486 G
599 3434 724 3502 (uirpula
742 3449 775 3486 m.
796 3438 812 3485 2
831 3431 863 3486 ia
881 3434 947 3502 rae.)
966 3434 976 3502 11
995 3438 1028 3486 25
1053 3449 1150 3486 carum
1173 3434 1273 3502 21126
1298 3434 1398 3489 coniux
1422 3439 1443 3487 G

294 3524 440 3592 itidemque
458 3539 485 3576 a.
505 3529 538 3577 27
555 3525 560 3590 1
575 3521 725 3591 22221221.
746 3538 797 3591 τηρ.
817 3539 850 3575 m.
871 3528 887 3574 2
907 3521 970 3589 sibi)
990 3526 1012 3573 V

368 3612 395 3666 2.
424 3611 466 3665 De
485 3627 580 3665 amore
598 3613 627 3666 et
651 3612 713 3682 [om.
732 3611 766 3682 Δ]
792 3609 910 3665 discidio
935 3610 1114 3678 conquerilur
1136 3611 1250 3666 nominc
1272 3603 1396 3683 ligdami'
1414 3614 1443 3666 ct

295 3702 393 3769 portat
411 3700 446 3771 [V
459 3717 494 3754 m.
513 3706 528 3755 2
548 3716 614 3772 rap:
643 3701 735 3769 optat]
763 3699 854 3754 funeri
881 3716 931 3754 suo
957 3699 990 3770 [c.
1014 3698 1033 3754 f.
1057 3700 1091 3770 V]
1115 3699 1249 3755 interesse
1276 3717 1390 3755 nectam
1415 3703 1444 3755 et

296 3789 421 3845 eiusdem
441 3788 557 3858 ligdami
576 3789 769 3860 epytaphium.
794 3789 855 3844 Re.
885 3791 936 3840 AV
961 3788 1061 3858 Elegia
1084 3795 1116 3844 2⁸
1139 3795 1161 3868 (1
1183 3805 1217 3842 m.
1236 3806 1287 3844 rec.
1307 3791 1339 3843 iu
1358 3797 1373 3843 2
1393 3791 1441 3843 liu.

295 3917 396 3969 intera.
415 3913 425 3983 1
449 3920 473 3980 1,
493 3919 508 3967 2
527 3915 587 3968 uae.
608 3914 684 3968 Flu.
707 3915 717 3983 l
741 3920 754 3966 1
776 3930 907 3968 cammuo
925 3929 942 3971 ς
964 3915 975 3984 ιι
997 3921 1013 3967 a
1032 3891 1080 3983 4411
1098 3890 1208 3970 ullum
1229 3913 1292 3985 pm.
1312 3921 1328 3968 2
1348 3915 1373 3986 a]
1394 3920 1415 3967 u
1433 3914 1443 3986 1

297 4010 313 4059 5
333 4004 426 4072 h(a)ee
444 4002 584 4072 patientia
601 4003 696 4058 nostro
716 4006 735 4054 0
754 4002 821 4072 (uisi
840 4005 911 4072 quod
929 4003 961 4057 iu
979 4006 1002 4055 Δ
1021 4004 1126 4058 litterae
1144 4003 1186 4058 lia
1204 4005 1300 4058 noslro
1320 4021 1352 4058 ex
1372 4020 1440 4058 corr.

296 4111 330 4148 m.
351 4097 390 4159 2):
419 4091 474 4146 hcc
501 4091 639 4161 patiemur
663 4093 692 4145 el
720 4107 809 4158 aequo
828 4090 971 4162 Reyleacis
1000 4109 1032 4146 ex
1051 4097 1147 4161 aperta
1166 4093 1384 4161 interpolatione.
1405 4093 1442 4147 ad

297 4201 380 4256 qaam
395 4183 532 4238 lecticam
546 4198 607 4236 cum
622 4182 743 4236 Paccius
757 4183 913 4238 adnotwcl:
928 4181 999 4235 illud
1015 4182 1083 4237 ‘non
1097 4182 1167 4237 hacc
1181 4181 1320 4251 patientia
1332 4182 1440 4237 uoslm'

296 4271 392 4342 posuit
409 4271 567 4341 Pantanus,
587 4275 608 4323 G
625 4277 732 4326 cecatus
750 4275 789 4326 cat
801 4272 841 4342 16
859 4270 966 4342 frangit
985 4303 1018 4310 —
1037 4269 1118 4327 dolor
1135 4271 1195 4326 hub.
1218 4271 1285 4325 Pur.
1300 4273 1340 4341 12
1360 4272 1403 4326 eut
1421 4276 1442 4323 fl

297 4363 332 4430 (et
350 4366 373 4413 V
390 4378 425 4416 m.
444 4363 484 4428 2):
504 4375 554 4414 om.
574 4361 624 4410 AV
641 4377 675 4414 m.
696 4361 765 4429 1118
783 4360 852 4414 nala
869 4363 932 4413 AV:
961 4359 1029 4415 nola
1046 4365 1068 4412 G
1087 4362 1122 4430 (cl
1139 4363 1163 4411 V
1180 4377 1214 4415 m.
1234 4361 1261 4428 2)
1279 4361 1289 4430 1
1308 4365 1341 4414 10
1360 4376 1443 4430 super

224 4449 226 4454 '
298 4453 331 4503 G:
351 4465 435 4519 supra
452 4451 503 4500 AV
