3316 5114
710 331 856 385 TIBULLI
875 330 943 393 LIB.
963 331 982 385 1.
1003 336 1028 384 3.

423 493 533 558 Tellus
556 493 590 556 in
612 494 728 578 longas
753 497 802 557 est
825 492 991 576 patefacta
1013 493 1098 558 uias!

380 600 532 666 Nondum
556 599 720 665 caeruleas
743 600 840 684 pinus
864 599 1094 666 conscenderat
1116 602 1227 679 undas,

423 707 572 772 Effusum
596 705 703 772 nentis
727 707 983 791 praebueratque
1009 709 1123 792 sinum,

379 814 448 880 Nec
471 835 574 899 uagus
598 813 720 898 ignotis
744 817 893 897 repetens
917 814 1109 898 compendia
1126 815 1222 880 terris

308 938 343 985 40
426 921 593 986 Presserat
617 924 748 985 externa
770 923 883 987 nauita
906 943 1011 987 merce
1034 926 1147 988 ratem.

383 1027 445 1092 Illo
469 1049 536 1092 non
559 1027 685 1093 ualidus
710 1029 810 1094 subiit
832 1029 909 1114 iuga
931 1032 1078 1113 tempore
1102 1032 1225 1115 taurus,

424 1133 500 1199 Non
523 1135 646 1199 domito
669 1135 781 1201 frenos
806 1159 860 1201 ore
884 1135 1059 1220 momordit
1078 1158 1189 1219 equus,

377 1240 455 1306 Non
478 1241 592 1306 domus
611 1242 681 1306 ulla
703 1242 789 1307 fores
812 1241 936 1327 habuit,
958 1264 1024 1306 non
1047 1242 1130 1307 fixus
1154 1242 1187 1306 in
1211 1242 1308 1327 agris,

424 1347 485 1424 Qui
508 1352 635 1433 regeret
657 1349 754 1414 certis
777 1349 897 1414 finibus
923 1371 1010 1433 arua,
1028 1348 1120 1433 lapis.

308 1471 341 1519 45
379 1456 474 1540 Ipsae
497 1458 593 1521 mella
616 1457 738 1522 dabant
761 1479 904 1541 quercus,
927 1457 1076 1540 ultroque
1100 1457 1250 1520 ferebant

426 1561 531 1627 Obuia
556 1563 676 1629 securis
699 1564 799 1628 ubera
822 1565 916 1629 lactis
941 1585 1026 1628 oues.

378 1668 454 1733 Non
476 1668 612 1753 facinus,
635 1693 702 1735 non
725 1671 772 1734 ira
796 1670 867 1754 fuit,
890 1692 957 1735 non
980 1670 1074 1754 bella,
1097 1690 1156 1734 nec
1180 1691 1290 1734 ensem

426 1776 548 1840 Immiti
572 1799 687 1841 saeuus
712 1777 848 1842 duxerat
872 1781 941 1841 arte
963 1777 1065 1841 faber.

379 1873 475 1947 Nunc
498 1883 575 1948 Ioue
600 1884 659 1948 snb
684 1883 814 1949 domino
839 1884 1008 1949 caedes‘et
1030 1883 1165 1948 uulnera
1189 1904 1324 1965 semper,

306 2005 340 2054 5ο
422 1988 516 2054 Nunc
540 2013 636 2075 mare,
660 2013 745 2056 nunc
767 1991 825 2056 leti
848 1990 936 2056 mille
958 1995 1091 2074 repente
1115 1990 1196 2054 uiae.

379 2096 489 2181 Parce,
511 2100 613 2180 pater.
645 2098 794 2163 timidum
818 2121 885 2164 non
908 2121 959 2162 me
982 2097 1124 2181 periuria
1147 2099 1279 2180 terrent,

421 2201 497 2267 Non
521 2204 607 2268 dicta
629 2205 664 2268 in
687 2209 817 2269 sanctos
840 2204 942 2287 impia
965 2205 1066 2268 uerba
1088 2204 1173 2269 deos.

379 2310 472 2387 Quod
496 2311 524 2375 si
547 2311 663 2376 fatales
686 2311 752 2376 iam
775 2332 860 2375 nune
884 2309 1084 2392 explenimus
1109 2332 1222 2395 annos,

424 2416 489 2482 Fae
511 2418 594 2501 lapis
618 2418 783 2500 inscriptis
808 2421 872 2483 stet
896 2439 994 2501 super
1016 2438 1091 2481 ossa
1114 2417 1215 2482 notis:

307 2542 340 2590 55
379 2524 453 2590 tHic
476 2526 560 2589 iacet
582 2525 700 2590 immiti
724 2528 935 2608 consumptus
959 2527 1063 2589 morte
1087 2524 1245 2610 Tibullus,

423 2631 599 2697 Messalam
622 2635 709 2695 terra
732 2630 808 2695 dnm
833 2631 1039 2715 sequiturque
1062 2631 1164 2696 mari.³

382 2737 444 2802 Sed
468 2760 528 2823 me,
552 2740 637 2824 quod
661 2738 765 2803 facilis
788 2740 900 2803 tenero
925 2760 996 2802 sum
1020 2760 1146 2822 semper
1168 2738 1293 2823 Amori,

421 2845 498 2928 Ipsa
522 2845 633 2911 Uenus
657 2867 788 2931 campos
813 2845 907 2910 ducet
930 2845 964 2908 in
987 2843 1128 2929 Elysios.

377 2951 440 3016 Hic
463 2951 598 3017 choreae
623 2956 799 3037 cantusque
822 2953 945 3037 uigent,
967 2953 1153 3037 passimque
1177 2955 1334 3037 uagantes

306 3077 341 3124 50
424 3059 525 3123 Dulce
549 3061 667 3123 sonant
689 3058 779 3123 tenui
802 3062 933 3143 gutture
957 3081 1087 3124 carmen
1107 3081 1210 3144 aues,·

378 3166 455 3231 Fert
480 3166 599 3230 casiam
619 3187 685 3228 non
708 3163 795 3229 culta
818 3185 921 3249 seges,
944 3167 1095 3249 totosque
1118 3187 1175 3249 per
1199 3186 1296 3252 agros

424 3272 536 3338 Floret
558 3271 701 3336 odoratis
724 3274 812 3335 terra
835 3271 976 3356 benigna
998 3272 1093 3356 rosis3

379 3380 428 3445 Ac
452 3380 605 3444 iuuenum
630 3378 729 3444 series
752 3377 872 3442 teneris
896 3377 1043 3442 immixta
1066 3378 1183 3463 puellis
1259 3359 1266 3370 ⁸

424 3486 532 3569 Ludit,
554 3489 587 3549 et
611 3484 738 3550 assidue
761 3485 884 3568 praelia
907 3484 1022 3549 miscet
1045 3484 1156 3550 Amor.
1220 3495 1224 3502 '

308 3609 341 3659 55
379 3593 451 3657 Illic
469 3595 527 3677 est,
551 3592 739 3678 cuicumque
762 3613 865 3675 rapax
888 3613 976 3655 mors
999 3591 1089 3654 uenit
1113 3594 1245 3677 amanti,

423 3699 468 3763 Et
492 3698 576 3783 gerit
598 3698 720 3785 insigni
743 3702 870 3782 myrtea
893 3699 980 3761 serta
1003 3718 1103 3761 coma.

381 3805 426 3870 At
449 3807 605 3871 scelerata
627 3806 710 3870 iacet
733 3805 825 3869 sedes
848 3805 882 3867 in
905 3805 1000 3868 necte
1022 3803 1184 3887 profunda

360 4001 427 4056 Vns.
447 4020 520 4057 Lacr.
558 4006 590 4055 37
607 3999 806 4054 conscenderat
820 4016 850 4064 g:
870 4000 1077 4068 contempserat
1091 4003 1110 4049 0
1124 3999 1134 4067 ΙΙ
1148 4004 1181 4053 38
1196 4001 1290 4055 uentis
1309 4006 1331 4052 G
1349 4004 1382 4069 (v
1400 4019 1435 4055 m.

290 4131 305 4178 2
329 4125 406 4193 mul:
435 4104 509 4179 netis
535 4127 558 4175 Δ
584 4121 688 4176 ueteris
714 4125 736 4172 V
759 4137 792 4174 m.
823 4126 835 4173 1
858 4121 868 4190 ΙΙ
893 4126 926 4175 47
950 4120 1059 4176 facinus
1081 4099 1193 4192 scripsi:
1213 4123 1287 4177 acies
1308 4128 1326 4175 0
1351 4122 1438 4177 animi

289 4215 482 4268 Broulclrusc'ue
499 4212 591 4267 rabies
609 4213 871 4265 meuunus=50
885 4213 1000 4280 repente
1015 4215 1037 4262 G
1050 4212 1086 4281 (ct
1104 4215 1127 4262 V
1145 4229 1197 4281 mu.
1218 4229 1252 4266 m.
1268 4215 1309 4282 2):
1327 4214 1437 4282 reperte

289 4307 335 4355 AV
348 4319 382 4357 m.
399 4309 412 4356 1
428 4302 519 4356 multa
531 4300 645 4370 reperta
658 4299 737 4358 uias
754 4300 813 4368 (uia
831 4301 875 4354 est
892 4300 925 4352 L.
943 4301 1104 4371 Muellerus)
1118 4303 1128 4370 ΙΙ
1142 4307 1175 4355 53
1195 4302 1289 4355 malim
1313 4300 1436 4372 explebi-

179 4410 182 4416 ·
289 4409 351 4445 mus
369 4392 378 4459 ΙΙ
397 4397 432 4446 54
458 4390 601 4460 inscriptis
631 4394 658 4443 0:
682 4389 833 4459 inscriptus
860 4390 905 4444 recl
932 4389 976 4443 his
1004 4389 1124 4458 scriptus
1143 4404 1159 4446 ς
1181 4390 1191 4458 ll
1215 4393 1249 4443 58
1267 4388 1309 4460 in]
1329 4391 1365 4444 ad
1391 4389 1438 4460 gl!

289 4486 394 4536 se-ee
409 4481 469 4536 nac.
486 4480 555 4535 Par.
575 4482 584 4549 ιι
603 4485 636 4534 ce
652 4480 692 4534 Ao
706 4483 766 4534 ns:
786 4480 825 4533 Ar
841 4482 864 4529 v
883 4479 942 4533 nac
956 4493 973 4536 ς
991 4477 1045 4533 Hic
1059 4479 1131 4534 recu
1143 4481 1153 4548 u
1168 4484 1272 4533 cr-re
1286 4479 1348 4534 uae.
1366 4479 1436 4535 Par.
