3316 5114
234 281 237 288 '
279 304 345 360 ιιι
704 302 990 360 racanaouaun.

166 468 169 474 ’
280 471 316 532 ut
345 489 418 532 cum
450 468 609 553 excerptis
637 466 794 532 Parisinis
824 463 927 552 (Pur.)
960 466 1144 532 consentiat
1170 466 1237 531 fere
1266 465 1301 530 in
1328 465 1423 531 bonis

279 573 481 660 lectionibus,
504 575 552 639 ibi
572 577 689 658 autem,
711 572 768 637 'ubi
787 573 845 638 illa
863 595 982 657 prauas
1000 572 1132 656 habent,
1150 571 1250 636 faciat
1268 592 1341 636 cum
1356 569 1423 636 AV.

281 681 339 765 sic,
363 684 400 745 ut
422 682 561 766 primam
585 681 817 764 perlustramus
841 680 991 764 elegiam,
1013 679 1150 744 habent:

391 788 412 852 2
437 788 541 853 multa
563 785 589 852 [l
606 787 699 853 Pan:
723 807 843 872 magna
864 785 923 850 AV

393 893 414 958 5
436 895 506 958 uita
528 892 647 960 GPur.
671 890 801 980 (Fris.):
823 894 911 958 uitae
934 891 993 957 AV

392 998 630 1085 dassiduotl,
652 998 724 1064 AV:
748 1001 865 1086 exiguo
887 999 964 1066 Par.

370 1107 414 1172 25
436 1107 507 1172 lam
539 1107 636 1172 modo
667 1129 735 1172 non
765 1129 898 1191 possum
930 1105 968 1190 G,
993 1104 1066 1171 AV:
1108 1105 1232 1190 Quippe
1265 1127 1326 1250 ego
1358 1107 1424 1171 iam

495 1234 627 1298 possum
650 1213 726 1278 Por.

369 1319 412 1384 29
436 1319 548 1384 bident
533 1323 599 1384 tem
622 1319 756 1386 GPara
779 1320 893 1385 bident
878 1323 928 1384 tes
950 1318 1009 1384 AV

394 1427 412 1490 7
437 1448 542 1490 seram
565 1424 603 1512 (l,
625 1425 697 1491 AV:
719 1427 822 1492 feram
844 1427 921 1492 Pur.
1298 1452 1301 1458 ·

371 1532 412 1596 37
437 1531 557 1597 Assitis
580 1532 647 1596 diui
670 1531 709 1618 G,
730 1532 802 1598 AV:
825 1533 894 1599 Vos
918 1555 1043 1618 quoque
1067 1533 1177 1600 adeste
1201 1532 1252 1598 dei
1275 1533 1350 1598 Por.

369 1638 412 1702 41
435 1637 600 1704 fructusue
624 1636 758 1704 GPcsr.:
782 1640 969 1724 fructusque
991 1638 1050 1704 AV

370 1743 414 1807 43
437 1744 518 1809 satis
542 1747 592 1809 est
615 1745 695 1809 satis
719 1750 768 1810 est
790 1743 829 1831 u,
850 1744 922 1811 AV:
947 1747 1026 1812 satis
1048 1750 1186 1812 estune
1208 1745 1284 1811 Por.

371 1850 413 1914 47
437 1848 506 1914 Aut
528 1849 566 1936 G,
588 1850 661 1917 AV:
684 1852 730 1917 Et
751 1853 828 1919 Par.

371 1957 414 2022 48
438 1956 542 2022 imbre
566 1955 591 2022 G
608 1956 697 2024 Pasa:
720 1961 795 2045 igne
818 1959 877 2025 AV

371 2062 414 2126 49
440 2063 483 2128 sit
505 2060 531 2127 (l
548 2062 640 2128 Pan:
664 2065 692 2128 si
714 2064 773 2130 AV

372 2169 414 2232 49
439 2166 570 2252 ἱιιιιθι,
587 2168 663 2242 AV:
686 2194 760 2238 rure
783 2173 859 2238 Par.

372 2274 416 2339 50
438 2274 549 2339 tristes
572 2275 593 2340 f.
616 2298 648 2360 p.
669 2277 860 2363 pluuiasd,
882 2277 953 2343 AV:
977 2278 1038 2343 celi
1060 2279 1216 2344 nubilas.
1239 2303 1270 2363 p.
1292 2279 1368 2344 Par.

373 2382 412 2446 71
437 2403 496 2445 nec
519 2379 638 2448 GPcr
662 2381 793 2471 (Fris.):
818 2407 920 2469 neque
943 2384 1002 2450 AV

374 2488 415 2552 78
439 2486 625 2572 Despiciam
649 2489 696 2554 dit
682 2493 731 2556 tes
755 2489 891 2558 (lPurs
915 2491 1008 2558 Dites
1031 2492 1206 2578 despiciam
1229 2494 1288 2560 AV

282 2594 353 2660 Has
376 2595 450 2659 leot
425 2597 531 2659 t1ones
555 2596 582 2659 si
606 2598 844 2682 perpendimus,
866 2598 891 2664 8
912 2599 1104 2684 ubrcumque
1126 2601 1229 2666 bonas
1252 2623 1333 2685 quas
1352 2600 1427 2665 Pur.

284 2701 407 2767 habent
434 2701 589 2766 lectiones
618 2705 709 2788 sequi
736 2704 891 2770 uidemus.
935 2727 1012 2770 nam
1036 2728 1088 2770 uu.
1111 2706 1146 2791 2,
1169 2706 1203 2786 5,
1226 2707 1283 2793 48,
1305 2707 1349 2772 49
1374 2730 1427 2772 res

284 2809 434 2874 omnibus
458 2830 544 2873 nunc
567 2810 601 2874 in
624 2809 771 2876 confesso
796 2814 860 2896 est3
892 2834 922 2876 u.
945 2813 997 2876 29,
1012 2815 1121 2877 autem
1143 2835 1295 2878 numerus
1320 2814 1427 2898 singu·

286 2916 364 2980 laris
384 2913 571 2980 ‘bidentem’
590 2937 687 2999 quam
705 2918 808 2983 multo
832 2919 875 2984 sit
893 2919 1005 3003 aptior
1020 2920 1139 3003 plurali
1158 2941 1317 3004 quamque
1335 2943 1365 2984 u.
1384 2921 1421 2984 41

285 3021 473 3088 ‘fructusue'
491 3025 635 3107 praestet
653 3023 702 3087 illi
721 3023 940 3110 ‘fructusque’‚
963 3026 1099 3109 denique
1119 3049 1149 3090 u.
1165 3027 1206 3091 78
1231 3025 1427 3110 ‘Despiciam

285 3128 379 3194 dites'
403 3129 509 3214 magis
533 3149 603 3192 esse
626 3150 664 3192 ex
687 3152 748 3194 usu
771 3130 956 3197 Tibulliano
983 3133 1035 3213 [cf.
1057 3132 1074 3196 I
1097 3132 1132 3216 4,
1156 3131 1268 3214 82311
1291 3131 1326 3216 5,
1351 3132 1429 3216 1053

284 3235 317 3300 ΙΙ
341 3237 375 3319 8,
399 3236 448 3318 9],
470 3235 609 3298 libenter
632 3235 711 3299 mihi
735 3238 933 3303 concedetur.
975 3240 1088 3304 contra
1110 3261 1163 3303 uu.
1186 3239 1220 3322 6,
1237 3239 1300 3324 -25,
1324 3240 1353 3325 7,
1376 3240 1428 3325 37,

284 3343 341 3427 43,
364 3342 420 3426 47,
442 3341 500 3424 49,
524 3339 568 3405 50
591 3338 616 3404 (i
639 3362 706 3405 non
728 3343 859 3409 exhibet
882 3367 936 3410 eas
960 3345 1075 3429 quibus
1098 3343 1174 3408 Pur.
1197 3348 1329 3429 turpata
1351 3349 1429 3411 sunt

286 3448 564 3532 interpolationes.
595 3446 657 3512 hoc
677 3451 837 3532 quomodo
858 3452 1082 3536 explicandum
1097 3451 1176 3526 est?
1200 3473 1279 3516 num
1299 3451 1429 3517 doctum

288 3554 447 3641 quendam
478 3554 598 3620 Italum
631 3561 854 3641 excerptorum
886 3559 1027 3623 codicem
1063 3561 1217 3621 nanctum
1249 3556 1429 3643 adsumptis

286 3663 383 3727 modo
410 3662 541 3728 horum'
554 3662 651 3728 modo
678 3663 879 3749 integrorum
904 3665 1061 3729 librorum
1087 3663 1281 3728 lectionibus
1309 3685 1429 3730 nouam

286 3768 408 3835 Tibulli
430 3770 649 3834 recensionem
672 3770 853 3836 instituisse
875 3769 1086 3855 putabimus?
1130 3769 1193 3834 hae
1215 3791 1320 3856 nugae
1345 3775 1429 3838 sunt.

285 3899 361 3941 nam
395 3877 478 3941 mira
513 3878 608 3960 atque
640 3898 774 3960 prorsus
812 3875 970 3962 singulari
1002 3876 1081 3940 artis
1114 3877 1244 3944 criticae
1275 3879 1429 3944 facultate

287 4006 359 4048 eum
390 3982 510 4048 Italum
542 3983 725 4069 praeditum
754 3983 855 4048 fuisse
888 3983 1093 4049 statuendum
1123 3988 1221 4070 esset,
1253 3987 1307 4069 qui
1336 3984 1430 4047 tanta

287 4112 359 4156 oum
383 4090 574 4154 dexteritate
597 4093 753 4173 tantoque
782 4111 853 4154 cum
876 4090 995 4156 iudicio
1021 4092 1173 4179 elegisset
1194 4093 1295 4157 bonas
1318 4089 1430 4154 lectio-

286 4219 353 4282 nes,
375 4195 554 4281 ¹spreuisset
572 4197 683 4260 malas.
717 4196 816 4260 immo
836 4197 898 4263 hoo
916 4219 975 4281 pro
999 4202 1087 4264 certo
1105 4199 1182 4264 licet
1200 4195 1371 4279 affirmare,
1393 4198 1447 4259 nt·

287 4307 380 4369 erant
401 4307 478 4366 tnnc
501 4302 658 4388 homines,
681 4304 843 4368 neminem
867 4304 1009 4368 animum
1033 4302 1243 4368 aduersurum
1265 4301 1366 4366 fuisse
1389 4301 1429 4364 ad

287 4410 521 4493 discrepantias
539 4414 607 4475 tam
626 4410 770 4497 subtiles,
790 4411 901 4497 quales
921 4415 997 4476 sunt
1015 4409 1036 4474 5
1051 4409 1152 4496 ‘uita',
1175 4410 1217 4473 29
1233 4407 1430 4496 ‘bidentem'‚
